@Article{galluci2011dogfish,
  author = {V. Galluci and I. Taylor and J. King and G. A. McFarlane and R. McPhie},
  year = {2011},
  title = {{Spiny Dogfish} ({\emph{Squalus acanthias}}) Assessment and
                  Catch Recommendations for 2010},
  journal = {DFO Can. Sci. Advis. Sec. Res. Doc.},
  volume = {2011/034},
  pages = {xii + 69~p},
}

@Article{dfo2010dogfish,
  author = {{DFO}},
  year = {2010},
  title = {Assessment of {Spiny Dogfish} ({\emph{Squalus acanthias}}) in
                  {British Columbia} in 2010},
  journal = {DFO Can. Sci. Advis. Sec. Sci. Advis. Rep.},
  volume = {2010/057},
}

@Article{king2015biglongnoseskate,
  author = {J. R. King and A. M. Surry and S. Garcia and P. J. Starr},
  year = {2015},
  title = {{Big Skate} ({\emph{Raja binoculata}}) and {Longnose Skate}
                  ({\emph{R. rhina}}) stock assessments for {British Columbia}},
  journal = {DFO Can. Sci. Advis. Sec. Res. Doc.},
  volume = {2015/070},
  pages = {ix + 329~p},
}

@Article{dfo2014biglongnoseskate,
  author = {{DFO}},
  year = {2014},
  title = {{Big Skate} ({\emph{Raja binoculata}}) and {Longnose Skate}
                  ({\emph{R. rhina}}) stock assessments for {British Columbia}},
  journal = {DFO Can. Sci. Advis. Sec. Sci. Advis. Rep.},
  volume = {2014/027},
}

@Misc{edwards2018hake,
  author = {A. M. Edwards and I. G. Taylor and C. J. Grandin and A. M. Berger},
  title = {{Status of the Pacific Hake (whiting) stock in U.S. and
                  Canadian waters in 2018. Prepared by the Joint Technical
                  Committee of the U.S. and Canada Pacific Hake/Whiting
                  Agreement, National Marine Fishery Service and Fisheries and
                  Oceans Canada. 222~p}},
  year = {2018},
}

@Misc{edwards2022hake,
  author = {A. M. Edwards and A. M. Berger and C. J. Grandin and K. F. Johnson.},
  title = {{Status of the Pacific Hake (whiting) stock in U.S. and
                  Canadian waters in 2022. Prepared by the Joint Technical
                  Committee of the U.S. and Canada Pacific Hake/Whiting
                  Agreement, National Marine Fishery Service and Fisheries and
                  Oceans Canada. 238~p}},
  year = {2022},
}

@Misc{berger2023hake,
  author = {A. M. Berger and C. J. Grandin and K. F. Johnson and A. M. Edwards.},
  title = {{Status of the Pacific Hake (whiting) stock in U.S. and
                  Canadian waters in 2023. Prepared by the Joint Technical
                  Committee of the U.S. and Canada Pacific Hake/Whiting
                  Agreement, National Marine Fishery Service and Fisheries and
                  Oceans Canada. 208~p}},
  year = {2023},
}

@Article{martell2009hake,
  author = {S. Martell},
  year = {2009},
  title = {Assessment and management advice for {Pacific Hake} in {U.S.}
                  and {Canadian} waters in 2009},
  journal = {DFO Can. Sci. Advis. Sec. Res. Doc.},
  volume = {2009/021},
  pages = {iv + 54~p},
}

@Article{dfo2003hake,
  author = {{DFO}},
  year = {2003},
  title = {{Pacific Hake} (offshore)},
  journal = {DFO Can. Sci. Advis. Stock Status Rep.},
  volume = {2003/032},
  pages = {4~p},
}

@Article{saunders1998pollock,
  author = {M. W. Saunders and W. Andrews},
  year = {1998},
  title = {{Walleye Pollock} stock assessment for 1997 and recommended
                  yield options for 1998},
  journal = {DFO Pacific Stock Assessment PSARC Working Paper},
  volume = {2009/021},
  pages = {18~p},
}

@Article{haigh2005rougheye,
  author = {R. Haigh and N. Olsen and P. J. Starr},
  year = {2005},
  title = {A review of {Rougheye Rockfish} ({\emph{Sebastes
                  aleutianus}}) along the {Pacific} coast of {Canada}: biology,
                  distribution, and abundance trends},
  journal = {DFO Can. Sci. Advis. Sec. Res. Doc.},
  volume = {2005/096},
  pages = {vi + 68~p},
}

@Article{dfo2020rougheye,
  author = {{DFO}},
  year = {2020},
  title = {{Rougheye/Blackspotted Rockfish} ({\emph{Sebastes
                  aleutianus/melanostictus}}) Stock Assessment for {British
                  Columbia} in 2020},
  journal = {DFO Can. Sci. Advis. Sec. Sci. Advis. Rep.},
  volume = {2020/047},
}

@Article{dfo1999rougheye,
  author = {{DFO}},
  year = {1999},
  title = {{Rougheye Rockfish British Columbia} Coast},
  journal = {DFO Sci. Stock Status Rep.},
  volume = {1999/A6-15},
  pages = {3~p},
}

@Article{dfo1999shortraker,
  author = {{DFO}},
  year = {1999},
  title = {{Shortraker Rockfish British Columbia} Coast},
  journal = {DFO Sci. Stock Status Rep.},
  volume = {1999/A6-14},
  pages = {3~p},
}

@Article{schnute1999shortraker,
  author = {J. T. Schnute and N. Olsen and R. Haigh},
  year = {1999},
  title = {Slope rockfish assessment for the west coast of {Canada} in
                  1998},
  journal = {DFO Can. Stock Assess. Sec. Res. Doc.},
  volume = {99/16},
  pages = {vi + 79~p},
}

@Article{starr2016silvergray,
  author = {P. J. Starr and R. Haigh and C Grandin},
  year = {2016},
  title = {Stock assessment for {Silvergray Rockfish} ({\emph{Sebastes
                  brevispinis}}) along the {Pacific} coast of {Canada}},
  journal = {DFO Can. Sci. Advis. Sec. Res. Doc.},
  volume = {2016/042},
  pages = {vi + 170~p},
}

@Article{dfo2014silvergray,
  author = {{DFO}},
  year = {2014},
  title = {Stock assessment for {Silvergray Rockfish} ({\emph{Sebastes
                  brevispinis}}) along the {Pacific} coast of {Canada}},
  journal = {DFO Can. Sci. Advis. Sec. Sci. Advis. Rep.},
  volume = {2014/028},
}

@Article{stocker1995copper,
  author = {M. Stocker and J. Fargo},
  year = {1995},
  title = {Groundfish stock assessments for the west coast of {Canada}
                  in 1994 and recommended yield options for 1995},
  journal = {DFO Can. Tech. Rep. Fish. Aquat. Sci.},
  volume = {2069},
  pages = {v + 440~p},
}

@Article{haigh2008darkblotched,
  author = {R. Haigh and P. Starr},
  year = {2008},
  title = {A review of {Darkblotched Rockfish} ({\emph{Sebastes
                  crameri}}) along the {Pacific coast of Canada}: biology,
                  distribution, and abundance trends},
  journal = {DFO Can. Sci. Advis. Sec. Sci. Advis. Rep.},
  volume = {2008/056},
}

@Article{cosewic2010darkblotched,
  author = {{COSEWIC}},
  year = {2010},
  title = {COSEWIC assessment and status report on the {Darkblotched
                  Rockfish}, {\emph{Sebastes crameri}}, in {Canada}},
  journal = {COSEWIC},
  pages = {vii + 48~p},
}

@Article{dfo2019widow,
  author = {{DFO}},
  year = {2019},
  title = {{Widow Rockfish (\emph{Sebastes entomelas}) stock assessment
                  for British Columbia in 2019}},
  journal = {DFO Can. Sci. Advis. Sec. Sci. Advis. Rep.},
  volume = {2019/044},
}

@Article{stanley1999widow,
  author = {R. Stanley},
  year = {1999},
  title = {Shelf rockfish stock assessment for 1998 and recommended
                  yield options for 1999},
  journal = {DFO Can. Stock Assess. Sec. Res. Doc.},
  volume = {99/53},
  pages = {57~p},
}

@Article{dfo2015yellowtail,
  author = {{DFO}},
  year = {2015},
  title = {{Yellowtail Rockfish} ({\emph{Sebastes flavidus}}) stock
                  assessment for the coast of {British Columbia, Canada}},
  journal = {DFO Can. Sci. Advis. Sec. Sci. Advis. Rep.},
  volume = {2015/010},
}

@Article{yamanaka2011quillback,
  author = {K. L. Yamanaka and M. K. McAllister and M.-P. Etienne and R. Flemming},
  year = {2011},
  title = {Stock assessment and recovery potential assessment for
                  {Quillback Rockfish} ({\emph{Sebastes maliger}}) on the
                  {Pacific} Coast of {Canada}},
  journal = {DFO Can. Sci. Advis. Sec. Res. Doc.},
  volume = {2011/135},
  pages = {vii + 151~p},
}

@Article{dfo2011quillback,
  author = {{DFO}},
  year = {2011},
  title = {Stock assessment and recovery potential assessment for
                  {Quillback Rockfish} ({\emph{Sebastes maliger}}) on the
                  {Pacific} Coast of {Canada}},
  journal = {DFO Can. Sci. Advis. Sec. Sci. Advis. Rep.},
  volume = {2011/072},
}

@Article{stanley2012bocaccio,
  author = {R. D. Stanley and M. McAllister and P. Starr},
  year = {2012},
  title = {Updated stock assessment for {Bocaccio} ({\emph{Sebastes
                  paucispinis}}) in {British Columbia} waters for 2012},
  journal = {DFO Can. Sci. Advis. Sec. Res. Doc.},
  volume = {2012/109},
  pages = {vii + 73~p},
}

@Article{dfo2012bocaccio,
  author = {{DFO}},
  year = {2012},
  title = {Stock assessment update for {Bocaccio} ({\emph{Sebastes
                  paucispinis}}) in {British Columbia} waters for 2012},
  journal = {DFO Can. Sci. Advis. Sec. Sci. Advis. Rep.},
  volume = {2012/059},
}

@Article{dfo2020bocaccio,
  author = {{DFO}},
  year = {2020},
  title = {Bocaccio ({\emph{Sebastes paucispinis}}) stock assessment for
                  {British Columbia} in 2019, including guidance for rebuilding
                  plans},
  journal = {DFO Can. Sci. Advis. Sec. Sci. Advis. Rep.},
  volume = {2020/025},
}

@Article{stanley2009canary,
  author = {R. D. Stanley and P. J. Starr and N. Olsen},
  year = {2009},
  title = {{Stock assessment for Canary Rockfish ({\emph{Sebastes
                  pinniger}}) in {British Columbia waters}}},
  journal = {DFO Can. Sci. Advis. Sec. Res. Doc.},
  volume = {2009/013},
  pages = {xxii + 198~p},
}

@Article{dfo2009canary,
  author = {{DFO}},
  year = {2009},
  title = {Stock assessment update for {British Columbia Canary
                  Rockfish}},
  journal = {DFO Can. Sci. Advis. Sec. Sci. Resp.},
  volume = {2009/019},
}

@Article{schnute1999redstripe,
  author = {J. T. Schnute and N. Olsen and R. Haigh},
  year = {1999},
  title = {Slope rockfish assessment for the west coast of {Canada} in
                  1998},
  journal = {DFO Can. Stock Assess. Sec. Res. Doc.},
  volume = {99-16},
  pages = {79~p},
}

@Article{dfo1999redstripe,
  author = {{DFO}},
  year = {1999},
  title = {{Redstripe Rockfish British Columbia} coast},
  journal = {DFO Sci. Stock Status Rep.},
  volume = {A6-13},
  pages = {3~p},
}

@Article{starr2021redstripe,
  author = {P. J. Starr and R. Haigh},
  year = {2021},
  title = {{Redstripe Rockfish} ({\emph{Sebastes proriger}}) stock
                  assessment for {British Columbia} in 2018},
  journal = {DFO Can. Sci. Advis. Sec. Res. Doc.},
  volume = {2021/014},
  pages = {vi + 340~p},
}

@Article{edwards2012yellowmouth,
  author = {A M Edwards and R. Haigh and P. J. Starr},
  year = {2012},
  title = {Stock assessment and recovery potential assessment for
                  {Yellowmouth Rockfish} ({\emph{Sebastes reedi}}) along the
                  {Pacific coast of Canada}},
  journal = {DFO Can. Sci. Advis. Sec. Res. Doc.},
  volume = {2012/095},
  pages = {iv + 188~p},
}

@Article{dfo2011yellowmouth,
  author = {{DFO}},
  year = {2011},
  title = {Recovery potential assessment for {Yellowmouth Rockfish}
                  ({\emph{Sebastes reedi}}) along the {Pacific coast of Canada}},
  journal = {DFO Can. Sci. Advis. Sec. Sci. Advis. Rep.},
  volume = {2011/060},
}

@Article{starr2015shortspineidiots,
  author = {P. J. Starr and R. Haigh},
  year = {2017},
  title = {Stock assessment of the coastwide population of {Shortspine
                  Thornyhead} ({\emph{Sebastolobus alascanus}}) in 2015 off the
                  {British Columbia coast}},
  journal = {DFO Can. Sci. Advis. Sec. Res. Doc.},
  volume = {2017/015},
  pages = {ix + 174~p},
}

@Article{dfo2016shortspineidiots,
  author = {{DFO}},
  year = {2016},
  title = {Stock assessment of the coastwide population of {Shortspine
                  Thornyhead} ({\emph{Sebastolobus alascanus}}) for {British
                  Columbia, Canada} in 2015},
  journal = {DFO Can. Sci. Advis. Sec. Sci. Advis. Rep.},
  volume = {2016/016},
}

@Article{haigh2005longspineidiots,
  author = {R. Haigh and N. Olsen and P. Starr},
  year = {2005},
  title = {A review of {Longspine Thornyhead} ({\emph{Sebastolobus
                  altivelis}}) along the {Pacific coast of Canada}: biology,
                  distribution, and abundance trends},
  journal = {DFO Can. Sci. Advis. Sec. Res. Doc.},
  volume = {2005/097},
  pages = {44~p},
}

@Article{dfo2012longspineidiots,
  author = {{DFO}},
  year = {2012},
  title = {Management plan for the {Rougheye/Blackspotted Rockfish
                  Complex} ({\emph{Sebastes aleutianus} and \emph{S.
                  melanostictus}}) and {Longspine Thornyhead}
                  ({\emph{Sebastolobus altivelis}}) in {Canada}},
  journal = {DFO ({\emph{Species at Risk Act}}) Management Plan Series},
  pages = {vi + 49~p},
}

@Article{holt2016lingSOG,
  author = {K. R. Holt and J. R. King and B. A. Krishka},
  year = {2016},
  title = {Stock assessment for {Lingcod} ({\emph{Ophiodon elongatus}})
                  in the {Strait of Georgia, British Columbia} in 2014},
  journal = {DFO Can. Sci. Advis. Sec. Res. Doc.},
  volume = {2016/013},
  pages = {xi + 186~p},
}

@Article{dfo2015lingSOG,
  author = {{DFO}},
  year = {2015},
  title = {Stock assessment for {Lingcod} ({\emph{Ophiodon elongatus}})
                  in the {Strait of Georgia, British Columbia} in 2014},
  journal = {DFO Can. Sci. Advis. Sec. Sci. Advis. Rep.},
  volume = {2015/014},
}

@Article{king2011lingOutside,
  author = {J. R. King and M. McAllister and K. R. Holt and P. J. Starr},
  year = {2012},
  title = {{Lingcod} ({\emph{Ophiodon elongatus}}) stock assessment and
                  yield advice for outside stocks in {British Columbia}},
  journal = {DFO Can. Sci. Advis. Sec. Res. Doc.},
  volume = {2011/124},
  pages = {viii + 177~p},
}

@Article{dfo2011lingOutside,
  author = {{DFO}},
  year = {2011},
  title = {{Lingcod} ({\emph{Ophiodon elongatus}}) stock assessment and
                  yield advice for outside stocks in {British Columbia}},
  journal = {DFO Can. Sci. Advis. Sec. Sci. Advis. Rep.},
  volume = {2011/051},
}

@Article{grandin2017arrowtooth,
  author = {C. J. Grandin and R. E. Forrest},
  year = {2017},
  title = {{Arrowtooth Flounder} ({\emph{Atheresthes stomias}}) stock
                  assessment for the West Coast of {British Columbia}},
  journal = {DFO Can. Sci. Advis. Sec. Res. Doc.},
  volume = {2017/25},
  pages = {v + 87~p},
}

@Article{dfo2015arrowtooth,
  author = {{DFO}},
  year = {2015},
  title = {{Arrowtooth Flounder} ({\emph{Atheresthes stomias}}) stock
                  assessment for the West Coast of {British Columbia}},
  journal = {DFO Can. Sci. Advis. Sec. Sci. Advis. Rep.},
  volume = {2015/055},
}

@Article{starr2009petrale,
  author = {P. J Starr},
  year = {2009},
  title = {{Petrale Sole} ({\emph{Eopsetta jordani}}) in {British
                  Columbia, Canada}: stock assessment for 2006/07 and advice to
                  managers for 2007/08},
  journal = {DFO Can. Sci. Advis. Sec. Res. Doc.},
  volume = {2009/070},
  pages = {v + 134~p},
}

@Article{dfo1998petrale,
  author = {{DFO}},
  year = {1999},
  title = {{Petrale Sole} ({\emph{Eopsetta jordani}}) {British Columbia,
                  Canada} ({Areas 3C-5D})},
  journal = {DFO Sci. Stock Status Rep.},
  volume = {A6-06},
  pages = {3~p},
}

@Article{holt2016rocksole,
  author = {K. R. Holt and P. J. Starr and R. Haigh and B. Krishka},
  year = {2016},
  title = {{Stock assessment and harvest advice for Rock Sole
                  (\emph{Lepidopsetta} spp.) in British Columbia}},
  journal = {DFO Can. Sci. Advis. Sec. Res. Doc.},
  volume = {2016/009},
  pages = {ix + 256~p},
}

@Article{dfo2014rocksole,
  author = {{DFO}},
  year = {2014},
  title = {Stock assessment and harvest advice for {Rock Sole}
                  ({\emph{Lepidopsetta}} spp.) in {British Columbia}},
  journal = {DFO Can. Sci. Advis. Sec. Sci. Advis. Rep.},
  volume = {2014/039},
}

@Article{dfo1999dover,
  author = {{DFO}},
  year = {1999},
  title = {{Dover Sole} West coast {Vancouver Island} ({Areas 3C, D}) to
                  {Queen Charlotte Islands} ({Areas 5A-E}) },
  journal = {DFO Sci. Stock Status Rep.},
  volume = {A6-04},
  pages = {3~p},
}

@Article{starr2009english,
  author = {P. J. Starr},
  year = {2009},
  title = {{English Sole} ({\emph{Parophrys vetulus}}) in {British
                  Columbia, Canada}: Stock assessment for 2006-07 and advice to
                  managers for 2007/08},
  journal = {DFO Can. Sci. Advis. Sec. Res. Doc.},
  volume = {2009/069},
  pages = {v + 149~p},
}

@Article{dfo1999english5CD,
  author = {{DFO}},
  year = {1999},
  title = {{English Sole Hecate Strait} ({Areas 5C/D})},
  journal = {DFO Can. Sci. Advis. Sec. DFO Sci. Stock Status Rep.},
  volume = {A6-05},
  pages = {3~p},
}

@Article{dfo2011baskingshark,
  author = {{DFO}},
  year = {2011},
  title = {{Recovery strategy for the {Basking Shark} ({\emph{Cetorhinus
                  maximus}}) in {Canadian Pacific} waters}},
  journal = {{\emph{Species at Risk Act}} Recovery Strategy},
  pages = {v + 25~p},
}

@Article{mcfarlane2008basking,
  author = {G. McFarlane and J. King and K. Leask and L. B. Christensen},
  year = {2008},
  title = {Assessment of information used to develop a recovery
                  potential assessment for {Basking Shark} ({\emph{Cetorhinus
                  maximus}}) ({Pacific} population) in {Canada}},
  journal = {DFO Can. Sci. Advis. Sec. Res. Doc.},
  volume = {2008/071},
  pages = {vi + 104~p},
}

@Article{dfo2018pcod,
  author = {{DFO}},
  year = {2015},
  title = {Assessment of {British Columbia} {Pacific Cod} for Areas
                  3{CD}, and 5{ABCD} in 2018},
  journal = {DFO Can. Sci. Advis. Sec. Sci. Advis. Rep.},
  volume = {2019/008},
}

@Article{forrest2015pcod,
  author = {R. E. Forrest and K. L Rutherford and L. Lacko and A. R. Kronlund and P. J. Starr and E. K. McClelland},
  year = {2015},
  title = {Assessment of {Pacific Cod} ({\emph{Gadus macrocephalus}})
                  for {Hecate Strait (5CD) and Queen Charlotte Sound (5AB)} in
                  2013},
  journal = {DFO Can. Sci. Advis. Sec. Res. Doc.},
  volume = {2015/052},
  pages = {xii + 197~p},
}

@Article{forrest2020pcod,
  author = {R. E. Forrest and S. C. Anderson and C. J. Grandin and Starr P. J.},
  year = {2020},
  title = {Assessment of {Pacific Cod} ({\emph{Gadus macrocephalus}})
                  for {Hecate Strait} and {Queen Charlotte Sound} ({Area
                  5ABCD}), and {West Coast Vancouver Island} ({Area 3CD}) in
                  2018},
  journal = {DFO Can. Sci. Advis. Sec. Res. Doc.},
  volume = {2020/070},
  pages = {v + 215~p},
}

@Article{dfo2021pcod,
  author = {{DFO}},
  year = {2021},
  title = {Status update of {Pacific Cod} ({\emph{Gadus macrocephalus}})
                  for {West Coast Vancouver Island} (area {3CD}), and {Hecate strait}
                  and {Queen Charlotte} sound (area {5ABCD}) in 2020},
  journal = {DFO Can. Sci. Advis. Sec. Sci. Resp.},
  volume = {2021/002},
}

@Article{edwards2014popwcvi,
  author = {A. M. Edwards and R. Haigh and P. J. Starr},
  year = {2014},
  title = {{Pacific Ocean Perch} ({\emph{Sebastes alutus}}) stock
                  assessment for the west coast of {Vancouver Island, British
                  Columbia}},
  journal = {DFO Can. Sci. Advis. Sec. Res. Doc.},
  volume = {2013/093},
  pages = {vi + 135~p},
}

@Article{edwards2013pophg,
  author = {Andrew M. Edwards and Rowan Haigh and Paul J. Starr},
  year = {2013},
  title = {{Pacific Ocean Perch} ({\emph{Sebastes alutus}}) stock
                  assessment for the north and west coasts of {Haida Gwaii,
                  British Columbia}},
  journal = {DFO Can. Sci. Advis. Sec. Res. Doc.},
  volume = {2013/092},
  pages = {vi + 126~p},
}

@Article{edwards2011popqcs,
  author = {Andrew M. Edwards and Paul J. Starr and Rowan Haigh},
  year = {2011},
  title = {Stock assessment for {Pacific Ocean Perch} ({\emph{Sebastes
                  alutus}}) in {Queen Charlotte Sound, British Columbia}},
  journal = {DFO Can. Sci. Advis. Sec. Res. Doc.},
  volume = {2011/111},
  pages = {vi + 172~p.},
}

@Article{dfo2013popwcvihg,
  author = {{DFO}},
  year = {2013},
  title = {{Pacific Ocean Perch} ({\emph{Sebastes alutus}}) stock
                  assessments for the west coast of {Vancouver Island} and the
                  north and west coasts of {Haida Gwaii, British Columbia}},
  journal = {DFO Can. Sci. Advis. Sec. Sci. Advis. Rep.},
  volume = {2013/038},
}

@Article{dfo2017popqcs,
  author = {{DFO}},
  year = {2017},
  title = {{Pacific Ocean Perch} ({\emph{Sebastes alutus}}) stock
                  assessments for {Queen Charlotte Sound, British Columbia} in
                  2017},
  journal = {DFO Can. Sci. Advis. Sec. Sci. Advis. Rep.},
  volume = {2017/043},
}

@Article{haigh2018popqcs,
  author = {Rowan Haigh and Paul J. Starr and Andrew M. Edwards and Jacquelynne R. King and Jean-Baptiste Lecomte},
  year = {2018},
  title = {Stock assessment for {Pacific Ocean Perch} ({\emph{Sebastes
                  alutus}}) in {Queen Charlotte Sound, British Columbia} in
                  2017},
  journal = {DFO Can. Sci. Advis. Sec. Res. Doc.},
  volume = {2018/038},
  pages = {ix + 230~p.},
}

@Article{edwards2017redbanded,
  author = {A. M. Edwards and R. Haigh and P. J. Starr},
  year = {2017},
  title = {{Redbanded Rockfish} ({\emph{Sebastes babcocki}}) stock
                  assessment for the {Pacific} coast of {Canada} in 2014.},
  journal = {DFO Can. Sci. Advis. Sec. Res. Doc.},
  volume = {2017/058},
  pages = {v + 182~p},
}

@Article{dfo2015yelloweyeoutside,
  author = {{DFO}},
  year = {2015},
  title = {Stock assessment for the outside population of {Yelloweye
                  Rockfish} ({\emph{Sebastes ruberrimus}}) for {British
                  Columbia, Canada} in 2014},
  journal = {DFO Can. Sci. Advis. Sec. Sci. Advis. Rep.},
  volume = {2015/060},
}

@Article{dfo2020yelloweyeoutside,
  author = {{DFO}},
  year = {2020},
  title = {Evaluation of Potential Rebuilding Strategies for Outside
                  {Yelloweye Rockfish} in {British Columbia}},
  journal = {DFO Can. Sci. Advis. Sec. Sci. Advis. Rep.},
  volume = {2020/024},
}

@Article{cox2020YEout,
  author = {S. P. Cox and B. Doherty and A. J. Benson and S. D. N. Johnson and D. R. Haggarty},
  year = {2020},
  title = {Evaluation of potential rebuilding strategies for {Outside
                  Yelloweye Rockfish in British Columbia}},
  journal = {DFO Can. Sci. Advis. Sec. Res. Doc.},
  volume = {2020/069},
  pages = {viii + 135~p},
}

@Article{yamanaka2011yelloweyeinside,
  author = {K. L. Yamanaka and M. K. McAllister and P. F. Olesiuk and M.-P. Etienne and S. G. Obradovich and R. Haigh},
  year = {2011},
  title = {Stock assessment for the inside population of {Yelloweye
                  Rockfish} ({\emph{Sebastes ruberrimus}}) for {British
                  Columbia, Canada} for 2010},
  journal = {DFO Can. Sci. Advis. Sec. Res. Doc.},
  volume = {2011/129},
  pages = {xiv + 131~p},
}

@Article{dfo2011yelloweyeinside,
  author = {{DFO}},
  year = {2011},
  title = {Stock assessment for the inside population of {Yelloweye
                  Rockfish} ({\emph{Sebastes ruberrimus}}) for {British
                  Columbia, Canada} for 2010},
  journal = {DFO Can. Sci. Advis. Sec. Sci. Advis. Rep.},
  volume = {2011/084},
}

@Article{dfo2020yelloweyeinside,
  author = {{DFO}},
  year = {2020},
  title = {Evaluation of Management Procedures for the Inside Population
                  of {Yelloweye Rockfish} Rebuilding Plan in {British
                  Columbia}},
  journal = {DFO Can. Sci. Advis. Sec. Sci. Advis. Rep.},
  volume = {2020/056},
}

@Article{dfo2021yelloweye,
  author = {{DFO}},
  year = {2021},
  title = {Management Plan for the {Yelloweye Rockfish}
                  ({\emph{Sebastes ruberrimus}}) in {Canada}},
  journal = {DFO {\emph{Species at Risk Act}} Management Plan Series},
  pages = {iv + 33~p},
}

@Article{yamanaka2018yelloweyeoutside,
  author = {K. Lynne Yamanaka and Murdoch M. McAllister and Marie-Pierre Etienne and Andrew M. Edwards and {and Rowan Haigh}},
  year = {2018},
  title = {Stock assessment for the outside population of {Yelloweye
                  Rockfish} ({\emph{Sebastes ruberrimus}}) for {British
                  Columbia, Canada} in 2014},
  journal = {DFO Can. Sci. Advis. Sec. Res. Doc.},
  volume = {2018/001},
  pages = {ix~+~150~p},
}

@Article{keppel2018yelloweye,
  author = {E. A. Keppel and N. Olsen},
  year = {2019},
  title = {{Pre-COSEWIC} review of {Yelloweye Rockfish} ({\emph{Sebastes
                  ruberrimus}}) along the {Pacific} coast of {Canada}: biology,
                  distribution and abundance trends},
  journal = {DFO Can. Sci. Advis. Sec. Res. Doc.},
  volume = {2019/014},
  pages = {x~+~109.p},
}

@Article{starr2021pollock,
  author = {Paul J. Starr and R. Haigh},
  year = {2021},
  title = {{Walleye Pollock} ({\emph{Theragra chalcogramma}}) stock
                  assessment for {British Columbia} in 2017},
  journal = {DFO Can. Sci. Advis. Sec. Res. Doc.},
  volume = {2021/004},
  pages = {vii~+~265~p},
}

@Article{dfo2018pollock,
  author = {{DFO}},
  year = {2018},
  title = {{Walleye Pollock} ({\emph{Theragra chalcogramma}}) stock
                  assessment for {British Columbia} in 2017},
  journal = {DFO Can. Sci. Advis. Sec. Sci. Advis. Rep.},
  volume = {2018/020},
}

@Article{cox2019sablefish,
  author = {S. Cox and K. Holt and S. Johnson},
  year = {2019},
  title = {Evaluating the robustness of management procedures for the {Sablefish} ({\emph{Anoplopoma fimbria}}) fishery in {British Columbia}, {Canada} for 2017--18},
  journal = {DFO Can. Sci. Advis. Sec. Res. Doc.},
  volume = {2019/032},
  pages = {vi + 79~p},
}

@Article{dfo2020sablefish,
  author = {{DFO}},
  year = {2020},
  title = {Evaluating the Robustness of Candidate Management Procedures in the {BC Sablefish (\emph{Anoplopoma fimbria})} Fishery for 2019--2020},
  journal = {DFO Can. Sci. Advis. Sec. Sci. Resp.},
  volume = {2020/025},
}

@Article{dfo2017sablefish,
  author = {{DFO}},
  year = {2017},
  title = {Evaluating the robustness of management procedures for the
                  {Sablefish} ({\emph{Anoplopoma fimbria}}) fishery in {British
                  Columbia}, {Canada} for 2017--18},
  journal = {DFO Can. Sci. Advis. Sec. Sci. Advis. Rep.},
  volume = {2017/017},
}

@Article{cox2011sablefish,
  author = {S. P. Cox and A. R. Kronlund and L. Lacko},
  year = {2011},
  title = {Management procedures for the multi-gear sablefish
                  ({\emph{Anoplopoma fimbria}}) fishery in {British Columbia},
                  {Canada}},
  journal = {DFO Can. Sci. Advis. Sec. Res. Doc.},
  volume = {2011-063},
  pages = {viii + 45~p.},
}

@Article{cosewic2007baskingshark,
  author = {{COSEWIC}},
  year = {2007},
  title = {{COSEWIC assessment and status report on the Basking Shark
                  {\emph{Cetorhinus maximus}} ({Pacific} population) in
                  {Canada}}},
  journal = {COSEWIC},
  pages = {vii + 34~p.},
}

@Article{cosewic2018baskingshark,
  author = {{COSEWIC}},
  year = {2018},
  title = {{COSEWIC status appraisal summary on the Basking Shark
                  {\emph{Cetorhinus maximus}}, {Pacific} population, in {Canada}}},
  journal = {COSEWIC},
  pages = {xii},
}

@Article{cosewic2020baskingshark,
  author = {{DFO}},
  year = {2020},
  title = {{Action Plan for the Basking Shark {\emph{Cetorhinus maximus}}
                  in {Canadian Pacific} waters}},
  journal = {Species at Risk Act Action Plan Series},
  pages = {iii + 17~p.},
}

@Article{cosewic2016blueshark,
  author = {{COSEWIC}},
  year = {2016},
  title = {{COSEWIC assessment and status report on the {Blue Shark}
                  {\emph{Prionace glauca}}, {North Atlantic} population and
                  {North Pacific} population, in {Canada}}},
  journal = {COSEWIC},
  pages = {xv + 50~p.},
}

@Article{cosewic2007bluntnose,
  author = {{COSEWIC}},
  year = {2007},
  title = {{COSEWIC assessment and status report on the Bluntnose Sixgill
                  shark {\emph{Hexanchus griseus}} in {Canada}}},
  journal = {COSEWIC},
  pages = {vii + 33~p.},
}

@Article{cosewic2002bocaccio,
  author = {{COSEWIC}},
  year = {2002},
  title = {{COSEWIC assessment and status report on {Bocaccio}
                  {\emph{Sebastes paucispinis}} in {Canada}}},
  journal = {COSEWIC},
  pages = {vii + 43~p.},
}

@Article{cosewic2013bocaccio,
  author = {{COSEWIC}},
  year = {2013},
  title = {{COSEWIC assessment and status report on {Bocaccio}
                  {\emph{Sebastes paucispinis}} in {Canada}}},
  journal = {COSEWIC},
  pages = {xi + 49~p.},
}

@Article{cosewic2007canary,
  author = {{COSEWIC}},
  year = {2007},
  title = {{COSEWIC assessment and status report on the Canary Rockfish
                  {\emph{Sebastes pinniger}} in {Canada}}},
  journal = {COSEWIC},
  pages = {vii + 71~p.},
}

@Article{cosewic2007longspine,
  author = {{COSEWIC}},
  year = {2007},
  title = {{COSEWIC assessment and status report on the Longspine
                  Thornyhead {\emph{Sebastolobus altivelis}} in {Canada}}},
  journal = {COSEWIC},
  pages = {vii + 27~p.},
}

@Article{cosewic2011dogfish,
  author = {{COSEWIC}},
  year = {2011},
  title = {{COSEWIC assessment and status report on the {North Pacific
                  Spiny Dogfish} {\emph{Squalus suckleyi}} in {Canada}}},
  journal = {COSEWIC},
  pages = {x + 45~p.},
}

@Article{cosewic2009quillback,
  author = {{COSEWIC}},
  year = {2009},
  title = {{COSEWIC assessment and status report on the {Quillback
                  Rockfish} {\emph{Sebastes maliger}} in {Canada}}},
  journal = {COSEWIC},
  pages = {vii + 71~p.},
}

@Article{cosewic2007rougheye,
  author = {{COSEWIC}},
  year = {2007},
  title = {{COSEWIC assessment and status report on the {Rougheye Rockfish}
                  {\emph{Sebastes}} sp. type I and {\emph{Sebastes}} sp. type II
                  in {Canada}}},
  journal = {COSEWIC},
  pages = {viii + 36~p.},
}

@Article{cosewic2008yelloweye,
  author = {{COSEWIC}},
  year = {2008},
  title = {{COSEWIC assessment and status report on the {Yelloweye
                  Rockfish} {\emph{Sebastes ruberrimus}}, {Pacific Ocean} inside
                  waters population and {Pacific Ocean} outside waters
                  population, in {Canada}}},
  journal = {COSEWIC},
  pages = {vii + 75~p.},
}

@Article{cosewic2020yelloweye,
  author = {{COSEWIC}},
  year = {2020},
  title = {{COSEWIC assessment and status report on the {Yelloweye Rockfish}
                  {\emph{Sebastes ruberrimus}}, {Pacific Ocean} outside waters
                  population and {Pacific Ocean} inside waters population in {Canada}}},
  journal = {COSEWIC},
  pages = {xvi + 72~p.},
}

@Article{cosewic2010yellowmouth,
  author = {{COSEWIC}},
  year = {2010},
  title = {COSEWIC assessment and status report on the {Yellowmouth
                  Rockfish} {\emph{Sebastes reedi}} in {Canada}},
  journal = {COSEWIC},
  pages = {vii + 57~p.},
}

@Article{cosewic2007tope,
  author = {{COSEWIC}},
  year = {2007},
  title = {COSEWIC assessment and status report on the {Tope}
                  {\emph{Galeorhinus galeus}} in {Canada}},
  journal = {COSEWIC},
  pages = {vii + 29~p.},
}

@Article{iphc2017,
  author = {{IPHC}},
  year = {2017},
  title = {{Report of Assessment and Research Activities}},
  journal = {Int. Pac. Halibut Comm.},
  volume = {IPHC-2017-RARA27-R},
  pages = {149~p.},
}

@Article{dfo2018redstripe,
  author = {{DFO}},
  year = {2018},
  title = {{Redstripe Rockfish} ({\emph{Sebastes proriger}}) stock
                  assessment for {British Columbia} in 2018},
  journal = {DFO Can. Sci. Advis. Sec. Sci. Advis. Rep.},
  volume = {2018/049},
}

@Article{dfo2019pcod3cd5abcd,
  author = {{DFO}},
  year = {2019},
  title = {Assessment of {British Columbia} {Pacific Cod} for areas
                  {3CD} and {5ABCD} in 2018},
  journal = {DFO Can. Sci. Advis. Sec. Sci. Advis. Rep.},
  volume = {2019/008},
}

@Article{yamanaka2001inshore,
  author = {K. L. Yamanaka and L. Lacko},
  year = {2001},
  title = {Inshore rockfish stock assessment ({\emph{Sebastes
                  ruberrimus, S. maliger, S. caurinus, S. melanops, S.
                  nigrocinctus,} and \emph{S. nebulosus}}) for the west coast of
                  {Canada} and recommendations for management},
  journal = {DFO Can. Stock Assess. Sec. Res. Doc.},
  volume = {2001/139},
  pages = {vi + 101~p},
}

@Article{nephin2020sdms,
  author = {J. Nephin and E.J. Gregr and C. {St. Germain} and C. Fields and J.L {and Finney}},
  year = {2020},
  title = {Development of a species distribution modelling framework and
                  its application to twelve species on Canada's Pacific Coast},
  journal = {DFO Can. Sci. Advis. Sec. Res. Doc.},
  volume = {2020/004},
  pages = {xii + 107~p},
}

@Article{anderson2021mp,
  author = {S.C. Anderson and R.E. Forrest and Q.C. Huynh and E.A. Keppel},
  year = {2021},
  title = {A management procedure framework for groundfish in {British Columbia}},
  journal = {DFO Can. Sci. Advis. Sec. Res. Doc.},
  volume = {2021/007},
  pages = {vi + 139~p},
}

@Article{starr2021widow,
  author = {P. J. Starr and R. Haigh},
  year = {2021},
  title = {{Widow Rockfish (\emph{Sebastes entomelas}) stock assessment
                  for British Columbia in 2019}},
  journal = {DFO Can. Sci. Advis. Sec. Res. Doc.},
  volume = {2021/039},
  pages = {viii + 238~p},
}

@Article{dfo2022bocaccio,
  author = {{DFO}},
  year = {2022},
  title = {Update of the 2019 {Bocaccio} ({\emph{Sebastes paucispinis}})
                  stock assessment for {British Columbia} in 2021},
  journal = {DFO Can. Sci. Advis. Sec. Sci. Resp.},
  volume = {2022/001},
}

@Article{starr2022bocaccio,
  author = {P. J. Starr and R. Haigh},
  year = {2022},
  title = {Bocaccio ({\emph{Sebastes paucispinis}}) stock assessment for
                  {British Columbia} in 2019, including guidance for rebuilding
                  plans},
  journal = {DFO Can. Sci. Advis. Sec. Res. Doc.},
  volume = {2022/001},
  pages = {vii + 292~p},
}

@Article{dfo2022yellowmouth,
  author = {{DFO}},
  year = {2022},
  title = {{Yellowmouth Rockfish (\emph{Sebastes reedi}) Stock
                  Assessment for {British Columbia} in 2021}},
  journal = {DFO Can. Sci. Advis. Sec. Sci. Advis. Rep.},
  volume = {2022/001},
}

@Article{cosewic2021tope,
  author = {{COSEWIC}},
  year = {2021},
  title = {COSEWIC assessment and status report on the {Tope}
                  {\emph{Galeorhinus galeus}} in {Canada}},
  journal = {COSEWIC},
  pages = {xi + 49~p.},
}

@Article{haggarty2021yelloweyeinside,
  author = {D.R. Haggarty and Q.C. Huynh and R.E. Forrest and S.C. Anderson and M.J. Bresch and E.A. Keppel},
  year = {2022},
  title = {Evaluation of potential rebuilding strategies for {Inside
                  Yelloweye Rockfish} ({\emph{Sebastes ruberrimus}}) in
                  {British Columbia}},
  journal = {DFO Can. Sci. Advis. Sec. Res. Doc.},
  volume = {2021/008},
  pages = {vi + 139~p},
}

@Article{cox2023sablefish,
  author = {S.P. Cox and A.R. Kronlund and L. Lacko and M Jones},
  year = {2023},
  title = {A Revised Operating Model for {Sablefish} in {British
                  Columbia}, {Canada} in 2016},
  journal = {DFO Can. Sci. Advis. Sec. Res. Doc.},
  volume = {2023/023},
  pages = {vii + 127~p.},
}

@Article{starr2020rougheye,
  author = {P.J. Starr and R. Haigh},
  year = {2020},
  title = {{Rougheye/Blackspotted Rockfish} ({\emph{Sebastes
                  aleutianus/melanostictus}}) stock assessment for {British
                  Columbia} in 2020},
  journal = {DFO Can. Sci. Advis. Sec. Res. Doc.},
  volume = {2020/020},
  pages = {vii + 384~p.},
}

@Article{starr2022yellowmouth,
  author = {P.J. Starr and R Haigh},
  year = {2022},
  title = {{Yellowmouth Rockfish} ({\emph{Sebastes reedi}}) stock
                  assessment for {British Columbia} in 2021},
  journal = {DFO Can. Sci. Advis. Sec. Res. Doc.},
  volume = {2022/010},
  pages = {viii + 288~p.},
}

@Article{dfo2023sablefishom,
  author = {{DFO}},
  year = {2023},
  title = {A Revised Operating Model for {Sablefish} in {British
                  Columbia} in 2022},
  journal = {DFO Can. Sci. Advis. Sec. Sci. Advis. Rep.},
  volume = {2023/010},
}

@Article{dfo2023canary,
  author = {{DFO}},
  year = {2023},
  title = {{Canary Rockfish} (\emph{Sebastes pinniger}) Stock Assessment
                  for {British Columbia} in 2022},
  journal = {DFO Can. Sci. Advis. Sec. Sci. Advis. Rep.},
  volume = {2023/002},
}

@Article{dfo2023yelloweye,
  author = {{DFO}},
  year = {2023},
  title = {Recovery Potential Assessment for {Yelloweye Rockfish}
                  ({\emph{Sebastes ruberrimus}}) in {British Columbia}},
  journal = {DFO Can. Sci. Advis. Sec. Sci. Resp.},
  volume = {2023/003},
}

@Article{dfo2023yelloweyeMPs,
  author = {{DFO}},
  year = {2023},
  title = {Management Procedures Update and Catch Advice for
                  2023/24--2026/27 Fishing Seasons for Outside {Yelloweye
                  Rockfish} ({\emph{Sebastes ruberrimus}}) in the {Pacific
                  Region}},
  journal = {DFO Can. Sci. Advis. Sec. Sci. Resp.},
  volume = {2023/037},
}

@Article{dfo2023quillback_inside,
  author = {{DFO}},
  year = {2023},
  title = {{Application of the Management Procedure Framework for Inside Quillback Rockfish
                  (\emph{Sebastes maliger}) in {British Columbia} in 2022}},
  journal = {DFO Can. Sci. Advis. Sec. Sci. Advis. Rep.},
  volume = {2023/033},
}

@Article{cosewic2011eulachon,
  author = {{COSEWIC}},
  year = {2011},
  title = {COSEWIC assessment and status report on the Eulachon,
                  {Nass/Skeena} population, {Central Pacific Coast} population
                  and the {Fraser River} population {\emph{Thaleichthys
                  pacificus}} in {Canada}},
  journal = {COSEWIC},
  pages = {xv + 88~p.},
}

@Article{cosewic2013eulachon,
  author = {{COSEWIC}},
  year = {2013},
  title = {COSEWIC assessment and status report on the {Eulachon},
                  {Nass/Skeena} population,{\emph{Thaleichthys pacificus}} in
                  {Canada}},
  journal = {COSEWIC},
  pages = {xi + 18~p.},
}

@Article{hay1999a_eulachon,
  author = {D.E. Hay and R. Harbo and K. Southy and J.R. Clarke and G. Parker and P.B. McCarter},
  year = {1999},
  title = {Catch composition of {British Columbia} shrimp trawls and
                  preliminary estimates of bycatch - with emphasis on
                  eulachons},
  journal = {DFO Can. Stock Assess. Sec. Res. Doc.},
  volume = {99/26},
  pages = {45~p.},
}

@Article{mcarter1999eulachon,
  author = {P.B. McCarter and D.E. Hay},
  year = {1999},
  title = {Distribution of spawning eulachon stocks in the central coast
                  of {British Columbia} as indicated by larval surveys},
  journal = {DFO Can. Stock Assess. Sec. Res. Doc.},
  volume = {99/177},
  pages = {45~p.},
}

@Article{hay1999b_eulachon,
  author = {D.E. Hay and R. Harbo and J.A. Boutillier and E. Wylie and L. Convey and P.B. McCarter},
  year = {1999},
  title = {Assessment of by-catch in the 1997 and 1998 shrimp trawl fisheries in {British Columbia}, with emphasis on eulachons},
  journal = {DFO Can. Stock Assess. Sec. Res. Doc.},
  volume = {99/177},
  pages = {45~p.},
}

@Article{hay2000eulachon,
  author = {D.E. Hay and P.B. McCarter},
  year = {2000},
  title = {Status of the eulachon {\emph{Thaleichthys pacificus}} in {Canada}},
  journal = {DFO Can. Stock Assess. Sec. Res. Doc.},
  volume = {2000/145},
  pages = {92~p.},
}

@Article{hay2002eulachon,
  author = {D.E. Hay and P.B. McCarter and R. Joy and M. Thompson and K. West},
  year = {2002},
  title = {{Fraser River} eulachon biomass assessments and spawning
                  distribution: 1995-2002},
  journal = {DFO Can. Sci. Advis. Sec. Res. Doc.},
  volume = {2002/117},
  pages = {57~p.},
}

@Article{hay2003eulachon,
  author = {D.E. Hay and K. West and A.D. Anderson},
  year = {2003},
  title = {Indicators and ‘response’ points for management of {Fraser
                  River} eulachon: a comparison and discussion with
                  recommendations},
  journal = {DFO Can. Sci. Advis. Sec. Res. Doc.},
  volume = {2003/051},
  pages = {44~p.},
}

@Article{therriault2005eulachon,
  author = {T.W. Therriault and P.B. McCarter},
  year = {2005},
  title = {Using an eulachon indicator framework to provide advice on
                  {Fraser River} harvest opportunities for 2006},
  journal = {DFO Can. Sci. Advis. Sec. Res. Doc.},
  volume = {2005/077},
  pages = {15~p.},
}

@Article{levesque2011eulachon,
  author = {C.A. Levesque and T.W. Therriault},
  year = {2011},
  title = {Information in support of a recovery potential assessment of
                  eulachon ({\emph{Thaleichthys pacificus}}) in {Canada}},
  journal = {DFO Can. Sci. Advis. Sec. Res. Doc.},
  volume = {2011/101},
  pages = {71~p.},
}

@Article{schweigert2012eulachon,
  author = {J. Schweigert and C. Wood and D. Hay and M. McAllister and J. Boldt and B. McCarter and T.W. Therriault and H. Brekke},
  year = {2012},
  title = {Recovery potential assessment of eulachon
                  ({\emph{Thaleichthys pacificus}}) in {Canada}},
  journal = {DFO Can. Sci. Advis. Sec. Res. Doc.},
  volume = {2012/098},
  pages = {121~p.},
}

@Article{dfo2006eulachon,
  author = {{DFO}},
  year = {2006},
  title = {{Fraser River} eulachon ({\emph{Thaleichthys pacificus}}):
                  2006 population assessment and harvest recommendations for 2007},
  journal = {DFO Can. Sci. Advis. Sec. Sci. Advis. Rep.},
  volume = {2006/039},
}

@Article{dfo2008eulachon,
  author = {{DFO}},
  year = {2008},
  title = {{Fraser River} eulachon ({\emph{Thaleichthys pacificus}}):
                  2007 population assessment and harvest recommendations for 2008},
  journal = {DFO Can. Sci. Advis. Sec. Sci. Advis. Rep.},
  volume = {2007/048},
}

@Article{dfo2015eulachon,
  author = {{DFO}},
  year = {2015},
  title = {Recovery potential assessment For eulachon – {Fraser River}
                   designatable unit},
  journal = {DFO Can. Sci. Advis. Sec. Sci. Advis. Rep.},
  volume = {2015/002},
}

@Article{dfo2013eulachon,
  author = {{DFO}},
  year = {2013},
  title = {Science response to information requests submitted to the
                  {Enbridge} pipeline project environmental impact assessment
                  hearings respecting eulachon},
  journal = {DFO Can. Sci. Advis. Sec. Sci. Resp.},
  volume = {2012/033},
}

@Article{dfo1999eulachon,
  author = {{DFO}},
  year = {1999},
  title = {Eulachon},
  journal = {DFO Can. Sci. Advis. Stock Status Rep.},
  volume = {B6-06},
  pages = {5~p},
}

@Article{dfo2023arrowtooth,
  author = {{DFO}},
  year = {2023},
  title = {{Arrowtooth Flounder} ({\emph{Atheresthes stomias}}) Stock
                  Assessment for {British Columbia} in 2021.},
  journal = {DFO Can. Sci. Advis. Sec. Sci. Advis. Rep.},
  volume = {2023/042},
}

@Article{dfo2023sablefishmp,
  author = {{DFO}},
  year = {2023},
  title = {Application of the {British Columbia Sablefish}
                  ({\emph{Anoplopoma fimbria}}) Management Procedure for the
                  2023--24 Fishing Year},
  journal = {DFO Can. Sci. Advis. Sec. Sci. Resp.},
  volume = {2023/009},
}

@Article{starr2023canary,
  author = {P.J. Starr and R. Haigh},
  year = {2023},
  title = {{Canary Rockfish} ({\emph{Sebastes pinniger}}) Stock
                  Assessment for {British Columbia} in 2022},
  journal = {DFO Can. Sci. Advis. Sec. Res. Doc.},
  volume = {2023/070},
  pages = {vi + 293~p.},
}

@Article{dfo2023quillback_outside,
  author = {{DFO}},
  year = {2023},
  title = {{Application of the Management Procedure Framework for Outside
                  Quillback Rockfish (\emph{Sebastes maliger}) in British
                  Columbia in 2021}},
  journal = {DFO Can. Sci. Advis. Sec. Sci. Advis. Rep.},
  volume = {2023/041},
}

@Article{cosewic2003annualrep,
  author = {{COSEWIC}},
  year = {2003},
  title = {Annual report to the {Canadian Endangered Species Conservation Council (CESCC)}},
  journal = {COSEWIC},
  pages = {56~p.},
}

@Article{cosewic2007annualrep,
  author = {{COSEWIC}},
  year = {2007},
  title = {Annual report presented to the {Minister of the Environment} and the {Canadian Endangered Species Conservation Council (CESCC)}},
  journal = {COSEWIC},
  pages = {119~p.},
}

@Article{iphc2024,
  author = {I. J. Stewart and A. C. Hicks},
  year = {2024},
  title = {{Assessment of the Pacific halibut (\emph{Hippoglossus stenolepis}) stock at the end of 2023}},
  journal = {Int. Pac. Halibut Comm.},
  volume = {IPHC-2024-SA-01},
  pages = {37~p.},
}

@Article{huynh2024quillback_inside,
  author = {Q.C. Huynh and M.R. Siegle and D.R. Haggarty},
  year = {2024},
  title = {{Application of the Management Procedure Framework for Inside Quillback Rockfish (\emph{Sebastes maliger}) in British Columbia in 2021}},
  journal = {DFO Can. Sci. Advis. Sec. Res. Doc.},
  volume = {2024/017},
  pages = {iv + 157~p.},
}

@Article{huynh2024quillback_outside,
  author = {Q.C. Huynh and M.R. Siegle and D.R. Haggarty},
  year = {2025},
  title = {{Application of the Management Procedure Framework for Outside Quillback Rockfish (\emph{{Sebastes maliger}}) in {British Columbia} in 2021}},
  journal = {DFO Can. Sci. Advis. Sec. Res. Doc.},
  volume = {2024/028},
  pages = {iv + 201 p.},
}

@Article{johnson2024sablefish,
  author = {S.D.N. Johnson and S.P. Cox and K.R. Holt and L.C. Lacko and A.R. Kronlund and C.N. Rooper},
  year = {2025},
  title = {{Stock Status and Management Procedure Performance for the {BC Sablefish} (\emph{{Anoplopoma fimbria}}) Fishery for 2022/23}},
  journal = {DFO Can. Sci. Advis. Sec. Res. Doc.},
  volume = {2024/072},
  pages = {iv + 132 p.},
}

@Article{starr2025pop,
  author = {P.J. Starr and R. Haigh},
  year = {2025},
  title = {{Pacific Ocean Perch} (\emph{{Sebastes alutus}}) Stock Assessment for {British Columbia} in 2023},
  journal = {DFO Can. Sci. Advis. Sec. Res. Doc.},
  volume = {2025/004},
  pages = {iv + 303 p.},
}

@Article{dfo2024pop,
  author = {{DFO}},
  year = {2024},
  title = {{Pacific Ocean Perch (\emph{Sebastes alutus}) Stock Assessment for British Columbia in 2023}},
  journal = {DFO Can. Sci. Advis. Sec. Sci. Advis. Rep.},
  volume = {2024/012},
}

@Article{dfo2025petrale,
  author = {{DFO}},
  year = {2025},
  title = {Assessment of {Petrale Sole} in {British Columbia} in 2024},
  journal = {DFO Can. Sci. Advis. Sec. Sci. Advis. Rep.},
  volume = {2025/002},
}

@Article{dfo2024pcod,
  author = {{DFO}},
  year = {2024},
  title = {Status update of {Pacific Cod} ({\emph{Gadus macrocephalus}}) off the {West Coast of Vancouver Island} in 2023},
  journal = {DFO Can. Sci. Advis. Sec. Sci. Resp.},
  volume = {2024/003},
}

@Article{lacko2023,
  author = {L.C. Lacko and K.L. Temple and K.R. Holt and J.K. Supernault and A.R. Kronlund and M.R. Wyeth and B.M. Connors},
  year = {2023},
  title = {Development of methods in support of a head-only sampling program for {Sablefish} ({\emph{Anoplopoma fimbria}}) in {British Columbia}},
  journal = {Can. Tech. Rep. Fish. Aquat. Sci.},
  volume = {3580},
  pages = {vi~+~19~p.},
}

@Article{dfo2024sablefish,
  author = {{DFO}},
  year = {2024},
  title = {{Application of the {British Columbia} {Sablefsh} (\emph{Anoplopoma fimbria}) Management Procedure for the 2024-25 Fishing Year}},
  journal = {DFO Can. Sci. Advis. Sec. Sci. Resp.},
  volume = {2024/013},
}

@Article{dfo2024bocaccio,
  author = {{DFO}},
  year = {2024},
  title = {Update of the 2019 {Bocaccio} (\emph{{Sebastes paucispinis}}) {Stock Assessment for British Columbia} in 2024},
  journal = {DFO Can. Sci. Advis. Sec. Sci. Resp.},
  volume = {2024/033},
}

@Article{dfo2025arrowtooth,
  author = {{DFO}},
  year = {2025},
  title = {{Stock Status Update for {Arrowtooth Flounder} (\emph{{Atheresthes stomias}}) for the {West Coast} of {British Columbia} in 2024}},
  journal = {DFO Can. Sci. Advis. Sec. Sci. Resp.},
  note = {Accepted at CSAP review},
}

@Article{anderson2025dogfish,
  author = {S. C. Anderson and Q. C. Huynh and L. N. K. Davidson and J. R. King},
  year = {2025},
  title = {{Pacific Spiny Dogfish (\emph{Squalus suckleyi}) population modelling for outside waters of British Columbia in 2024}},
  journal = {DFO Can. Sci. Advis. Sec. Res. Doc. Accepted at CSAS review/In press.},
  note = {Accepted at CSAP review},
}

@Misc{grandin2024hake,
  author = {C. J. Grandin and K. F. Johnson and A. M. Edwards and A. M. Berger},
  title = {{Status of the Pacific Hake (whiting) stock in U.S. and
                  Canadian waters in 2024. Prepared by the Joint Technical
                  Committee of the U.S. and Canada Pacific Hake/Whiting
                  Agreement, National Marine Fishery Service and Fisheries and
                  Oceans Canada. 246~p}},
  year = {2024},
}

@Misc{johnson2025hake,
  author = {K. Johnson and A. Edwards and A. Berger and C. Grandin and C. Wetzel},
  title = {{Status of the Pacific Hake (whiting) stock in U.S. and
                  Canadian waters in 2025. Prepared by the Joint Technical
                  Committee of the U.S. and Canada Pacific Hake/Whiting
                  Agreement, National Marine Fishery Service and Fisheries and
                  Oceans Canada.}},
  year = {2025},
}

@Article{iphc2025,
  author = {I. J. Stewart and A. C. Hicks},
  year = {2025},
  title = {{Assessment of the Pacific halibut (\emph{Hippoglossus stenolepis}) stock at the end of 2024}},
  journal = {Int. Pac. Halibut Comm.},
  volume = {IPHC-2025-SA-01},
  pages = {40~p.},
}
