@Article{         dfo2022bocaccio,
  author        = {DFO},
  year          = {2022},
  title         = {Update of the 2019 {Bocaccio} ({\emph{Sebastes paucispinis}}) stock assessment for {British Columbia} in 2021},
  journal       = {DFO Can. Sci. Advis. Sec. Sci. Resp.},
  volume        = {2022/001}
}

@article{mssm2022obis,
 author       = {Flemming, R.},
 year         = {2022},
 title        = {{Pacific Multispecies Small Mesh Bottom Trawl Survey. Version 2.4. Fisheries and Oceans Canada. Sampling event dataset. doi: http://doi.org/10.15468/as24m7}}
}

@article{rutherfordinprep,
 author       = {Rutherford, D.T., Fong, K., Barton, L.L., and Nguyen, H.},
 year         = {In prep},
 title        = {Record of changes to the {West Coast Vancouver Island} small mesh multi-species survey (aka ``shrimp survey''), 1973--2017},
 journal      = {In prep. as a Can. Manuscr. Rep. Fish. Aquat. Sci.},
 volume       = {},
 pages        = {}
}

@article{sinclair2001pcod,
 author       = {Sinclair, A., Martell, S., and Boutillier, J.},
 year         = {2001},
 title        = {{Assessment of Pacific Cod off the West Coast of Vancouver Island and in Hecate Strait, November 2001}},
 journal      = {DFO Can. Sci. Adv. Sec. Res. Doc.},
 volume       = {2001/159},
 pages        = {60~p}
}