@article{galluci2011dogfish,
  author  = {Galluci, V. and Taylor, I. and King, J. and McFarlane, G. A. and McPhie, R.},
  year    = {2011},
  title   = {{Spiny Dogfish} ({\emph{Squalus acanthias}}) Assessment and Catch
             Recommendations for 2010},
  journal = {DFO Can. Sci. Advis. Sec. Res. Doc.},
  volume  = {2011/034},
  pages   = {xii + 69~p}
}

@article{dfo2010dogfish,
  author  = {{DFO}},
  year    = {2010},
  title   = {Assessment of {Spiny Dogfish} ({\emph{Squalus acanthias}}) in
             {British Columbia} in 2010},
  journal = {DFO Can. Sci. Advis. Sec. Sci. Advis. Rep.},
  volume  = {2010/057}
}

@article{king2015biglongnoseskate,
  author  = {King, J. R.  and Surry, A. M. and Garcia, S. and Starr, P. J.},
  year    = {2015},
  title   = {{Big Skate} ({\emph{Raja binoculata}}) and {Longnose Skate}
             ({\emph{R. rhina}}) stock assessments for {British Columbia}},
  journal = {DFO Can. Sci. Advis. Sec. Res. Doc.},
  volume  = {2015/070},
  pages   = {ix + 329~p}
}


@article{dfo2014biglongnoseskate,
  author  = {{DFO}},
  year    = {2014},
  title   = {{Big Skate} ({\emph{Raja binoculata}}) and {Longnose Skate}
             ({\emph{R. rhina}}) stock assessments for {British Columbia}},
  journal = {DFO Can. Sci. Advis. Sec. Sci. Advis. Rep.},
  volume  = {2014/027}
}

@Misc{edwards2018hake,
  author = {A. M. Edwards and I. G. Taylor and C. J. Grandin and A. M. Berger},
  title = {{Status of the Pacific Hake (whiting) stock in U.S. and Canadian
                  waters in 2018. Prepared by the Joint Technical Committee of
                  the U.S. and Canada Pacific Hake/Whiting Agreement, National
                  Marine Fishery Service and Fisheries and Oceans
                  Canada. 222~p}},
  year =   {2018}
}

@article{martell2009hake,
  author      = {Martell, S.},
  year        = {2009},
  title       = {Assessment and management advice for {Pacific Hake} in {U.S.}
                 and {Canadian} waters in 2009},
  journal     = {DFO Can. Sci. Advis. Sec. Res. Doc.},
  volume      = {2009/021},
  pages       = {iv + 54~p}
}


@article{dfo2003hake,
  author  = {{DFO}},
  year    = {2003},
  title   = {{Pacific Hake} (offshore)},
  journal = {DFO Can. Sci. Advis. Stock Status Rep.},
  volume  = {2003/032},
  pages   = {4~p}
}


@article{saunders1998pollock,
  author  = {M. W. Saunders and W. Andrews},
  year    = {1998},
  title   = {{Walleye Pollock} stock assessment for 1997 and recommended yield
             options for 1998},
  journal = {DFO Pacific Stock Assessment PSARC Working Paper},
  volume  = {2009/021},
  pages   = {18~p}
}


@article{haigh2005rougheye,
  author  = {Haigh, R. and Olsen, N. and Starr, P. J.},
  year    = {2005},
  title   = {A review of {Rougheye Rockfish} ({\emph{Sebastes aleutianus}}) along the {Pacific} coast of {Canada}: biology, distribution, and abundance trends},
  journal = {DFO Can. Sci. Advis. Sec. Res. Doc.},
  volume  = {2005/096},
  pages   = {vi + 68~p}
}


@article{dfo2012rougheyeblackspotted,
  author  = {{DFO}},
  year    = {2012},
  title   = {Management Plan for the {Rougheye/Blackspotted Rockfish Complex} ({\emph{Sebastes aleutianus}} and {\emph{S. melanostictus}}) and {Longspine Thornyhead} ({\emph{Sebastolobus altivelis}}) in {Canada}},
  journal = {DFO {\emph{Species at Risk Act}} Management Plan Series},
  volume  = {En3-5/24-2011E-PDF},
  pages   = {vi + 49~p}
}


@article{dfo1999rougheye,
  author  = {{DFO}},
  year    = {1999},
  title   = {{Rougheye Rockfish British Columbia} Coast},
  journal = {DFO Sci. Stock Status Rep.},
  volume  = {1999/A6-15},
  pages   = {3~p}
}


@article{dfo1999shortraker,
  author  = {{DFO}},
  year    = {1999},
  title   = {{Shortraker Rockfish British Columbia} Coast},
  journal = {DFO Sci. Stock Status Rep.},
  volume  = {1999/A6-14},
  pages   = {3~p}
}


@article{schnute1999shortraker,
  author  = {Schnute, J. T. and Olsen, N. and Haigh, R.},
  year    = {1999},
  title   = {Slope rockfish assessment for the west coast of {Canada} in 1998},
  journal = {DFO Can. Stock Assess. Sec. Res. Doc.},
  volume  = {99/16},
  pages   = {vi + 79~p}
}


@article{starr2016silvergray,
  author  = {Starr, P. J. and Haigh, R. and Grandin, C},
  year    = {2016},
  title   = {Stock assessment for {Silvergray Rockfish} ({\emph{Sebastes brevispinis}}) along the {Pacific} coast of {Canada}},
  journal = {DFO Can. Sci. Advis. Sec. Res. Doc.},
  volume  = {2016/042},
  pages   = {vi + 170~p}
}


@article{dfo2014silvergray,
  author  = {{DFO}},
  year    = {2014},
  title   = {Stock assessment for {Silvergray Rockfish} ({\emph{Sebastes brevispinis}}) along the {Pacific} coast of {Canada}},
  journal = {DFO Can. Sci. Advis. Sec. Sci. Advis. Rep.},
  volume  = {2014/028}
}


@article{stocker1995copper,
  author  = {Stocker, M. and Fargo, J.},
  year    = {1995},
  title   = {Groundfish stock assessments for the west coast of {Canada} in 1994 and recommended yield options for 1995},
  journal = {DFO Can. Tech. Rep. Fish. Aquat. Sci.},
  volume  = {2069},
  pages   = {v + 440~p}
}


@article{haigh2008darkblotched,
  author  = {Haigh, R. and Starr, P.},
  year    = {2008},
  title   = {A review of {Darkblotched Rockfish} ({\emph{Sebastes crameri}}) along the {Pacific coast of Canada}: biology, distribution, and abundance trends},
  journal = {DFO Can. Sci. Advis. Sec. Sci. Advis. Rep.},
  volume  = {2008/056}
}


@article{cosewic2010darkblotched,
  author  = {COSEWIC},
  year    = {2010},
  title   = {COSEWIC assessment and status report on the {Darkblotched Rockfish}, {\emph{Sebastes crameri}}, in {Canada}},
  journal = {COSEWIC},
  volume  = {CWS69-14/590-2010E-PDF},
  pages   = {vii + 48~p}
}


@article{dfo1999widow,
  author  = {{DFO}},
  year    = {1999},
  title   = {{Widow rockfish}},
  journal = {DFO Sci. Stock Status Rep.},
  volume  = {A6-10},
  pages   = {3~p}
}


@article{stanley1999widow,
  author  = {Stanley, R.},
  year    = {1999},
  title   = {Shelf rockfish stock assessment for 1998 and recommended yield options for 1999},
  journal = {DFO Can. Stock Assess. Sec. Res. Doc.},
  volume  = {99/53},
  pages   = {57~p}
}


@article{dfo2015yellowtail,
  author  = {{DFO}},
  year    = {2015},
  title   = {{Yellowtail Rockfish} ({\emph{Sebastes flavidus}}) stock assessment for the coast of {British Columbia, Canada}},
  journal = {DFO Can. Sci. Advis. Sec. Sci. Advis. Rep.},
  volume  = {2015/010}
}


@article{yamanaka2011quillback,
  author  = {Yamanaka, K. L. and McAllister, M. K. and Etienne, M.-P. and Flemming, R.},
  year    = {2011},
  title   = {Stock assessment and recovery potential assessment for {Quillback Rockfish} ({\emph{Sebastes maliger}}) on the {Pacific} Coast of {Canada}},
  journal = {DFO Can. Sci. Advis. Sec. Res. Doc.},
  volume  = {2011/135},
  pages   = {vii + 151~p}
}


@article{dfo2011quillback,
  author  = {{DFO}},
  year    = {2011},
  title   = {Stock assessment and recovery potential assessment for {Quillback Rockfish} ({\emph{Sebastes maliger}}) on the {Pacific} Coast of {Canada}},
  journal = {DFO Can. Sci. Advis. Sec. Sci. Advis. Rep.},
  volume  = {2011/072}
}


@article{stanley2012bocaccio,
  author  = {Stanley, R. D. and McAllister, M. and Starr, P.},
  year    = {2012},
  title   = {Updated stock assessment for {Bocaccio} ({\emph{Sebastes paucispinis}}) in {British Columbia} waters for 2012},
  journal = {DFO Can. Sci. Advis. Sec. Res. Doc.},
  volume  = {2012/109},
  pages   = {vii + 73~p}
}


@article{dfo2012bocaccio,
  author  = {{DFO}},
  year    = {2012},
  title   = {Stock assessment update for {Bocaccio} ({\emph{Sebastes paucispinis}}) in {British Columbia} waters for 2012},
  journal = {DFO Can. Sci. Advis. Sec. Sci. Advis. Rep.},
  volume  = {2012/059}
}


@article{stanley2009canary,
  author  = {Stanley, R. D. and Starr, P. J. and Olsen, N.},
  year    = {2009},
  title   = {Stock assessment for Canary Rockfish ({\emph{Sebastes pinniger}}) in {British Columbia waters}},
  journal = {DFO Can. Sci. Advis. Sec. Res. Doc.},
  volume  = {2009/013},
  pages   = {xxii + 198~p}
}


@article{dfo2009canary,
  author  = {{DFO}},
  year    = {2009},
  title   = {Stock assessment update for {British Columbia Canary Rockfish}},
  journal = {DFO Can. Sci. Advis. Sec. Sci. Resp.},
  volume  = {2009/019},
  pages   = {39~p}
}


@article{schnute1999redstripe,
  author  = {Schnute, J. T. and Olsen, N. and Haigh, R.},
  year    = {1999},
  title   = {Slope rockfish assessment for the west coast of {Canada} in 1998},
  journal = {DFO Can. Stock Assess. Sec. Res. Doc.},
  volume  = {99-16},
  pages   = {79~p}
}


@article{dfo1999redstripe,
  author  = {{DFO}},
  year    = {1999},
  title   = {{Redstripe Rockfish British Columbia} coast},
  journal = {DFO Sci. Stock Status Rep.},
  volume  = {A6-13},
  pages   = {3~p}
}


@article{edwards2012yellowmouth,
  author  = {Edwards, A M and Haigh, R. and Starr, P. J.},
  year    = {2012},
  title   = {Stock assessment and recovery potential assessment for {Yellowmouth Rockfish} ({\emph{Sebastes reedi}}) along the {Pacific coast of Canada}},
  journal = {DFO Can. Sci. Advis. Sec. Res. Doc.},
  volume  = {2012/095},
  pages   = {iv + 188~p}
}


@article{dfo2011yellowmouth,
  author  = {{DFO}},
  year    = {2011},
  title   = {Recovery potential assessment for {Yellowmouth Rockfish} ({\emph{Sebastes reedi}}) along the {Pacific coast of Canada}},
  journal = {DFO Can. Sci. Advis. Sec. Sci. Advis. Rep.},
  volume  = {2011/060}
}


@article{starr2015shortspineidiots,
  author  = {Starr, P. J. and Haigh, R.},
  year    = {2017},
  title   = {Stock assessment of the coastwide population of {Shortspine Thornyhead} ({\emph{Sebastolobus alascanus)}} in 2015 off the {British Columbia coast}},
  journal = {DFO Can. Sci. Advis. Sec. Res. Doc.},
  volume  = {2017/015},
  pages   = {ix + 174~p}
}


@article{dfo2016shortspineidiots,
  author  = {{DFO}},
  year    = {2016},
  title   = {Stock assessment of the coastwide population of {Shortspine Thornyhead} ({\emph{Sebastolobus alascanus)}} for {British Columbia, Canada} in 2015},
  journal = {DFO Can. Sci. Advis. Sec. Sci. Advis. Rep.},
  volume  = {2016/016}
}


@article{haigh2005longspineidiots,
  author  = {Haigh, R. and Olsen, N. and Starr, P.},
  year    = {2005},
  title   = {A review of {Longspine Thornyhead} ({\emph{Sebastolobus altivelis}}) along the {Pacific coast of Canada}: biology, distribution, and abundance trends},
  journal = {DFO Can. Sci. Advis. Sec. Res. Doc.},
  volume  = {2005/097},
  pages   = {44~p}
}


@article{dfo2012longspineidiots,
  author  = {{DFO}},
  year    = {2012},
  title   = {Management plan for the {Rougheye/Blackspotted Rockfish Complex} ({\emph{Sebastes aleutianus} and \emph{S. melanostictus}}) and {Longspine Thornyhead} ({\emph{Sebastolobus altivelis}}) in {Canada}},
  journal = {DFO ({\emph{Species at Risk Act}}) Management Plan Series},
  volume  = {En3-5/24-2011E-PDF},
  pages   = {vi + 49~p}
}


@article{holt2016lingSOG,
  author  = {Holt, K. R. and King, J. R. and Krishka, B. A.},
  year    = {2016},
  title   = {Stock assessment for {Lingcod} ({\emph{Ophiodon elongatus}}) in the {Strait of Georgia, British Columbia} in 2014},
  journal = {DFO Can. Sci. Advis. Sec. Res. Doc.},
  volume  = {2016/013},
  pages   = {xi + 186~p}
}


@article{dfo2015lingSOG,
  author  = {{DFO}},
  year    = {2015},
  title   = {Stock assessment for {Lingcod} ({\emph{Ophiodon elongatus}}) in the {Strait of Georgia, British Columbia} in 2014},
  journal = {DFO Can. Sci. Advis. Sec. Sci. Advis. Rep.},
  volume  = {2015/014}
}


@article{king2011lingOutside,
  author  = {King, J. R. and McAllister, M. and Holt, K. R. and Starr, P. J.},
  year    = {2011},
  title   = {{Lingcod} ({\emph{Ophiodon elongatus}}) stock assessment and yield advice for outside stocks in {British Columbia}},
  journal = {DFO Can. Sci. Advis. Sec. Res. Doc.},
  volume  = {2011/124},
  pages   = {viii + 177~p}
}


@article{dfo2011lingOutside,
  author  = {{DFO}},
  year    = {2011},
  title   = {{Lingcod} ({\emph{Ophiodon elongatus}}) stock assessment and yield advice for outside stocks in {British Columbia}},
  journal = {DFO Can. Sci. Advis. Sec. Sci. Advis. Rep.},
  volume  = {2011/051}
}



@article{grandin2017arrowtooth,
  author  = {Grandin, C. J. and Forrest, R. E.},
  year    = {2017},
  title   = {{Arrowtooth Flounder} ({\emph{Atheresthes stomias}}) stock assessment for the West Coast of {British Columbia}},
  journal = {DFO Can. Sci. Advis. Sec. Res. Doc.},
  volume  = {2017/25},
  pages   = {v + 87~p}
}


@article{dfo2015arrowtooth,
  author  = {{DFO}},
  year    = {2015},
  title   = {{Arrowtooth Flounder} ({\emph{Atheresthes stomias}}) stock assessment for the West Coast of {British Columbia}},
  journal = {DFO Can. Sci. Advis. Sec. Sci. Advis. Rep.},
  volume  = {2015/055}
}


@article{starr2009petrale,
  author  = {Starr, P. J},
  year    = {2009},
  title   = {{Petrale Sole} ({\emph{Eopsetta jordani}}) in {British Columbia, Canada}: stock assessment for 2006/07 and advice to managers for 2007/08},
  journal = {DFO Can. Sci. Advis. Sec. Res. Doc.},
  volume  = {2009/070},
  pages   = {v + 134~p}
}


@article{dfo1998petrale,
  author  = {{DFO}},
  year    = {1999},
  title   = {{Petrale Sole} ({\emph{Eopsetta jordani}}) {British Columbia, Canada} ({Areas 3C-5D})},
  journal = {DFO Sci. Stock Status Rep.},
  volume  = {A6-06},
  pages   = {3~p}
}


@article{holt2016rocksole,
  author  = {Holt, K. R. and Starr, P. J. and Haigh, R. and Krishka, B.},
  year    = {2016},
  title   = {Stock assessment and harvest advice for Rock Sole ({\emph{Lepidopsetta}} spp.) in {British Columbia}},
  journal = {DFO Can. Sci. Advis. Sec. Res. Doc.},
  volume  = {2016/009},
  pages   = {ix + 256~p}
}


@article{dfo2014rocksole,
  author  = {{DFO}},
  year    = {2014},
  title   = {Stock assessment and harvest advice for {Rock Sole} ({\emph{Lepidopsetta}} spp.) in {British Columbia}},
  journal = {DFO Can. Sci. Advis. Sec. Sci. Advis. Rep.},
  volume  = {2014/039}
}


@article{dfo1999dover,
  author  = {{DFO}},
  year    = {1999},
  title   = {{Dover Sole} West coast {Vancouver Island} ({Areas 3C, D}) to {Queen
             Charlotte Islands} ({Areas 5A-E}) },
  journal = {DFO Sci. Stock Status Rep.},
  volume  = {A6-04},
  pages   = {3~p}
}


@article{starr2009english,
  author  = {Starr, P. J.},
  year    = {2009},
  title   = {{English Sole} ({\emph{Parophrys vetulus}}) in {British Columbia,
             Canada}: Stock assessment for 2006-07 and advice to managers for 2007/08},
  journal = {DFO Can. Sci. Advis. Sec. Res. Doc.},
  volume  = {2009/069},
  pages   = {v + 149~p}
}


@article{dfo1999english5CD,
  author  = {{DFO}},
  year    = {1999},
  title   = {{English Sole Hecate Strait} ({Areas 5C/D})},
  journal = {DFO Can. Sci. Advis. Sec. DFO Sci. Stock Status Rep.},
  volume  = {A6-05},
  pages   = {3~p}
}


@article{dfo2011baskingshark,
  author  = {{DFO}},
  year    = {2011},
  title   = {Recovery strategy for the {Basking Shark} ({\emph{Cetorhinus maximus}})
             in {Canadian Pacific} waters},
  journal = {{\emph{Species at Risk Act}} Recovery Strategy},
  volume  = {En3-4/95-2011E-PDF},
  pages   = {v + 25~p}
}


@article{mcfarlane2008basking,
  author  = {McFarlane, G. and King, J. and Leask, K. and Christensen, L. B.},
  year    = {2008},
  title   = {Assessment of information used to develop a recovery potential
             assessment for {Basking Shark} ({\emph{Cetorhinus maximus}})
             ({Pacific} population) in {Canada}},
  journal = {DFO Can. Sci. Advis. Sec. Res. Doc.},
  volume  = {2008/071},
  pages   = {vi + 104~p}
}

@article{dfo2019pcod3cd5abcd,
  author  = {{DFO}},
  year    = {2019},
  title   = {Assessment of {British Columbia} {Pacific Cod} for Areas 3{CD},
            and 5{ABCD} in 2018},
  journal = {DFO Can. Sci. Advis. Sec. Sci. Advis. Rep.},
  volume  = {2019/008}
}

@article{forrest2015pcod,
  author  = {Forrest, R. E. and Rutherford, K. L and Lacko, L. and Kronlund,
             A. R. and Starr, P. J. and McClelland, E. K.},
  year    = {2015},
  title   = {Assessment of {Pacific Cod} ({\emph{Gadus macrocephalus}}) for
             {Hecate Strait (5CD) and Queen Charlotte Sound (5AB)} in 2013},
  journal = {DFO Can. Sci. Advis. Sec. Res. Doc.},
  volume  = {2015/052},
  pages   = {xii + 197~p}
}

@article{forrest2019pcod,
  author  = {Forrest, R. E. and Anderson, S. C. and Grandin, C. J. and Starr P. J.},
  year    = {In press},
  title   = {Assessment of {Pacific Cod} ({\emph{Gadus macrocephalus}}) for {Hecate Strait} and {Queen Charlotte Sound} ({Area 5ABCD}), and {West Coast Vancouver Island} ({Area 3CD}) in 2018},
  journal = {DFO Can. Sci. Advis. Sec. Res. Doc.},
  volume  = {2019/xxx},
  pages   = {}
}

@article{edwards2014popwcvi,
  author  = {Edwards, A. M. and Haigh, R. and Starr, P. J.},
  year    = {2014},
  title   = {{Pacific Ocean Perch} ({\emph{Sebastes alutus}}) stock assessment
             for the west coast of {Vancouver Island, British Columbia}},
  journal = {DFO Can. Sci. Advis. Sec. Res. Doc.},
  volume  = {2014/093},
  pages   = {vi + 135~p}
}

@article{edwards2013pophg,
  author  = {Andrew M. Edwards and Rowan Haigh and Paul J. Starr},
  year    = {2013},
  title   = {{Pacific Ocean Perch} ({\emph{Sebastes alutus}}) stock assessment for
             the north and west coasts of {Haida Gwaii, British Columbia}},
  journal = {DFO Can. Sci. Advis. Sec. Res. Doc.},
  volume  = {2013/092},
  pages   = {vi + 126~p}
}

@article{Edwards2011popqcs,
  author  = {Andrew M. Edwards and Paul J. Starr and Rowan Haigh},
  year    = {2011},
  title   = {Stock assessment for {Pacific Ocean Perch} ({\emph{Sebastes alutus}})
             in {Queen Charlotte Sound, British Columbia}},
  journal = {DFO Can. Sci. Advis. Sec. Res. Doc.},
  volume  = {2011/111},
  pages   = {vi + 172~p.}
}

@article{dfo2013popwcvihg,
  author  = {{DFO}},
  year    = {2013},
  title   = {{Pacific Ocean Perch} ({\emph{Sebastes alutus}}) stock assessments
             for the west coast of {Vancouver Island} and the north and west
             coasts of {Haida Gwaii, British Columbia}},
  journal = {DFO Can. Sci. Advis. Sec. Sci. Advis. Rep.},
  volume  = {2013/038}
}

@article{dfo2017popqcs,
  author  = {{DFO}},
  year    = {2017},
  title   = {{Pacific Ocean Perch} ({\emph{Sebastes alutus}}) stock assessments
             for {Queen Charlotte Sound, British Columbia} in 2017},
  journal = {DFO Can. Sci. Advis. Sec. Sci. Advis. Rep.},
  volume  = {2017/043}
}

@article{haigh2018popqcs,
  author  = {Rowan Haigh and Paul J. Starr and Andrew M. Edwards and Jacquelynne
             R. King and Jean-Baptiste Lecomte},
  year    = {2018},
  title   = {Stock assessment for {Pacific Ocean Perch} ({\emph{Sebastes alutus}})
             in {Queen Charlotte Sound, British Columbia} in 2017},
  journal = {DFO Can. Sci. Advis. Sec. Res. Doc.},
  volume  = {2018/038},
  pages   = {ix + 230~p.}
}

@article{edwards2017redbanded,
  author  = {Edwards, A. M. and Haigh, R. and Starr, P. J.},
  year    = {2017},
  title   = {{Redbanded Rockfish} ({\emph{Sebastes babcocki}}) stock assessment
             for the {Pacific} coast of {Canada} in 2014.},
  journal = {DFO Can. Sci. Advis. Sec. Res. Doc.},
  volume  = {2017/058},
  pages   = {v + 182~p}
}

@article{dfo2015yelloweyeoutside,
  author  = {{DFO}},
  year    = {2015},
  title   = {Stock assessment for the outside population of {Yelloweye Rockfish}
             ({\emph{Sebastes ruberrimus}}) for {British Columbia, Canada} in 2014},
  journal = {DFO Can. Sci. Advis. Sec. Sci. Advis. Rep.},
  volume  = {2015/060}
}

@article{yamanaka2011yelloweyeinside,
  author  = {K. L. Yamanaka and M. K. McAllister and P. F. Olesiuk and
             M.-P. Etienne and S. G. Obradovich and R. Haigh},
  year    = {2011},
  title   = {Stock assessment for the inside population of {Yelloweye Rockfish}
             ({\emph{Sebastes ruberrimus}}) for {British Columbia, Canada} for 2010},
  journal = {DFO Can. Sci. Advis. Sec. Res. Doc.},
  volume  = {2011/129},
  pages   = {xiv + 131~p}
}

@article{dfo2011yelloweyeinside,
  author  = {{DFO}},
  year    = {2011},
  title   = {Stock assessment for the inside population of {Yelloweye Rockfish}
             ({\emph{Sebastes ruberrimus}}) for {British Columbia, Canada} for 2010},
  journal = {DFO Can. Sci. Advis. Sec. Sci. Advis. Rep.},
  volume  = {2011/084}
}

@article{yamanaka2018yelloweyeoutside,
  author  = {K. Lynne Yamanaka and Murdoch M. McAllister and
             Marie-Pierre Etienne and Andrew M. Edwards and and Rowan Haigh},
  year    = {2018},
  title   = {Stock assessment for the outside population of {Yelloweye Rockfish}
             ({\emph{Sebastes ruberrimus}}) for {British Columbia, Canada} in 2014},
  journal = {DFO Can. Sci. Advis. Sec. Res. Doc.},
  volume  = {2018/001},
  pages   = {ix~+~150~p}
}

@article{keppel2018yelloweye,
  author  = {Keppel, E. A. and Olsen, N.},
  year    = {},
  title   = {{Pre-COSEWIC} review of {Yelloweye Rockfish} ({\emph{Sebastes
             ruberrimus}}) along the {Pacific} coast of {Canada}: biology,
             distribution and abundance trends},
  journal = {DFO Can. Sci. Advis. Sec. Res. Doc.},
  volume  = {2019/014},
  pages   = {x~+~109.p}
}

@article{starr2017pollock,
  author  = {Paul J. Starr and Haigh, R.},
  year    = {In press},
  title   = {{Walleye Pollock} ({\emph{Theragra chalcogramma}}) stock assessment
             for {British Columbia} in 2017},
  journal = {DFO Can. Sci. Advis. Sec. Res. Doc.},
  volume  = {},
  pages   = {}
}

@article{dfo2018pollock,
  author  = {{DFO}},
  year    = {2018},
  title   = {{Walleye Pollock} ({\emph{Theragra chalcogramma}}) stock assessment
             for {British Columbia} in 2017},
  journal = {DFO Can. Sci. Advis. Sec. Sci. Advis. Rep.},
  volume  = {2018/020}
}

@article{cox2019sablefish,
  author  = {Cox, S. P. and Kronlund, A. R. and Lacko, L. and Jones, M.},
  year    = {2019},
  title   = {A Revised Operating Model for {Sablefish} in {British Columbia},
            {Canada}},
  journal = {DFO Can. Sci. Advis. Sec. Res. Doc.},
  volume  = {2019/032},
  pages   = {vi + 79~p.}
}

@article{dfo2017sablefish,
  author  = {{DFO}},
  year    = {2017},
  title   = {Evaluating the robustness of management procedures for the
            Sablefish ({\emph{Anoplopoma fimbria}}) fishery in {British
            Columbia}, {Canada} for 2017--18},
  journal = {DFO Can. Sci. Advis. Sec. Sci. Advis. Rep.},
  volume  = {2017/017}
}

@article{cox2011sablefish,
  author  = {Cox, S. P. and Kronlund, A. R. and Lacko, L.},
  year    = {2011},
  title   = {Management procedures for the multi-gear sablefish
            ({\emph{Anoplopoma fimbria}}) fishery in {British Columbia},
            {Canada}},
  journal = {DFO Can. Sci. Advis. Sec. Res. Doc.},
  volume  = {2011-063},
  pages   = {viii + 45~p.}
}

@article{cosewic2007baskingshark,
  author  = {COSEWIC},
  year    = {2007},
  title   = {COSEWIC assessment and status report on the basking shark
            {\emph{Cetorhinus maximus}} ({Pacific} population) in {Canada}},
  journal = {COSEWIC},
  volume  = {CWS69-14/522-2007E-PDF},
  pages   = {vii + 34~p.}
}

@article{cosewic2016blueshark,
  author  = {COSEWIC},
  year    = {2016},
  title   = {COSEWIC assessment and status report on the {Blue Shark}
            {\emph{Prionace glauca}}, {North Atlantic} population and {North
            Pacific} population, in {Canada}},
  journal = {COSEWIC},
  volume  = {CW69-14/463-2017E-PDF},
  pages   = {xv + 50~p.}
}

@article{cosewic2007bluntnose,
  author  = {COSEWIC},
  year    = {2007},
  title   = {COSEWIC assessment and status report on the bluntnose sixgill shark
            {\emph{Hexanchus griseus}} in {Canada}},
  journal = {COSEWIC},
  volume  = {CW69-14/524-2007E-PDF},
  pages   = {vii + 33~p.}
}

@article{cosewic2002bocaccio,
  author  = {COSEWIC},
  year    = {2002},
  title   = {COSEWIC assessment and status report on {Bocaccio}
            {\emph{Sebastes paucispinis}} in {Canada}},
  journal = {COSEWIC},
  volume  = {CW69-14/315-2003E-IN},
  pages   = {vii + 43~p.}
}

@article{cosewic2007canary,
  author  = {COSEWIC},
  year    = {2007},
  title   = {COSEWIC assessment and status report on the canary rockfish
            {\emph{Sebastes pinniger}} in {Canada}},
  journal = {COSEWIC},
  volume  = {CW69-14/538-2008E-PDF},
  pages   = {vii + 71~p.}
}

@article{cosewic2007longspine,
  author  = {COSEWIC},
  year    = {2007},
  title   = {COSEWIC assessment and status report on the longspine thornyhead
            {\emph{Sebastolobus altivelis}} in {Canada}},
  journal = {COSEWIC},
  volume  = {CW69-14/527-2007E-PDF},
  pages   = {vii + 27~p.}
}

@article{cosewic2011dogfish,
  author  = {COSEWIC},
  year    = {2011},
  title   = {COSEWIC assessment and status report on the {North Pacific Spiny
            Dogfish} {\emph{Squalus suckleyi}} in {Canada}},
  journal = {COSEWIC},
  volume  = {CW69-14/644-2012E-PDF},
  pages   = {x + 45~p.}
}

@article{cosewic2009quillback,
  author  = {COSEWIC},
  year    = {2009},
  title   = {COSEWIC assessment and status report on the {Quillback Rockfish}
            {\emph{Sebastes maliger}} in {Canada}},
  journal = {COSEWIC},
  volume  = {CW69-14/589-2010E-PDF},
  pages   = {vii + 71~p.}
}

@article{cosewic2007rougheye,
  author  = {COSEWIC},
  year    = {2007},
  title   = {COSEWIC assessment and status report on the rougheye rockfish
            {\emph{Sebastes}} sp. type I and {\emph{Sebastes}} sp. type II
            in {Canada}},
  journal = {COSEWIC},
  volume  = {CW69-14/526-2007E-PDF},
  pages   = {viii + 36~p.}
}

@article{cosewic2008yelloweye,
  author  = {COSEWIC},
  year    = {2008},
  title   = {COSEWIC assessment and status report on the {Yelloweye Rockfish}
            {\emph{Sebastes ruberrimus}}, {Pacific Ocean} inside waters
            population and {Pacific Ocean} outside waters population,
            in {Canada}},
  journal = {COSEWIC},
  volume  = {CW69-14/571-2009E-PDF},
  pages   = {vii + 75~p.}
}

@article{cosewic2010yellowmouth,
  author  = {COSEWIC},
  year    = {2010},
  title   = {COSEWIC assessment and status report on the {Yellowmouth Rockfish}
            {\emph{Sebastes reedi}} in {Canada}},
  journal = {COSEWIC},
  volume  = {CW69-14/605-2010E-PDF},
  pages   = {vii + 57~p.}
}

@article{cosewic2007tope,
  author  = {COSEWIC},
  year    = {2007},
  title   = {COSEWIC assessment and status report on the {Tope}
            {\emph{Carcharhinidae}} in {Canada}},
  journal = {COSEWIC},
  volume  = {CW69-14/523-2007E-PDF},
  pages   = {vii + 29~p.}
}

@article{iphc2017,
  author  = {IPHC},
  year    = {2017},
  title   = {{Report of Assessment and Research Activities}},
  journal = {Int. Pac. Halibut Comm.},
  volume  = {IPHC-2017-RARA27-R},
  pages   = {149~p.}
}

@article{dfo2018redstripe,
  author  = {{DFO}},
  year    = {2018},
  title   = {Redstripe {Rockfish} {\emph{Sebastes proriger}} stock assessment for {British Columbia} in 2018},
  journal = {DFO Can. Sci. Advis. Sec. Sci. Advis. Rep.},
  volume  = {2018/049}
}
