
@Article{         galluci2011dogfish,
  author        = {Galluci, V. and Taylor, I. and King, J. and McFarlane, G. A.
                  and McPhie, R.},
  year          = {2011},
  title         = {{Spiny Dogfish} ({\emph{Squalus acanthias}}) Assessment and
                  Catch Recommendations for 2010},
  journal       = {DFO Can. Sci. Advis. Sec. Res. Doc.},
  volume        = {2011/034},
  pages         = {xii + 69~p}
}

@Article{         dfo2010dogfish,
  author        = {{MPO}},
  year          = {2010},
  title         = {Évaluation de l’aiguillat commun {(\emph{Squalus
                  Suckleyi})} de la {Colombie-Britannique} en 2010},
  journal       = {Secr. can. de consult. sci. du MPO, Avis sci.},
  volume        = {2010/057}
}

@Article{         king2015biglongnoseskate,
  author        = {King, J. R. and Surry, A. M. and Garcia, S. and Starr, P.
                  J.},
  year          = {2015},
  title         = {{Big Skate} ({\emph{Raja binoculata}}) and {Longnose Skate}
                  ({\emph{R. rhina}}) stock assessments for {British Columbia}},
  journal       = {DFO Can. Sci. Advis. Sec. Res. Doc.},
  volume        = {2015/070},
  pages         = {ix + 329~p}
}

@Article{         dfo2014biglongnoseskate,
  author        = {{MPO}},
  year          = {2014},
  title         = {Évaluations des stocks de raie biocellée (\emph{Raja
                  binoculata}) et de pocheteau long-nez (\emph{R. rhina}) en
                  Colombie-Britannique},
  journal       = {Secr. can. de consult. sci. du MPO},
  volume        = {2014/027}
}

@Misc{            edwards2018hake,
  author        = {A. M. Edwards and I. G. Taylor and C. J. Grandin and A. M.
                  Berger},
  title         = {{Status of the Pacific Hake (whiting) stock in U.S. and
                  Canadian waters in 2018. Prepared by the Joint Technical
                  Committee of the U.S. and Canada Pacific Hake/Whiting
                  Agreement, National Marine Fishery Service and Fisheries and
                  Oceans Canada. 222~p}},
  year          = {2018}
}

@Misc{            edwards2022hake,
  author        = {A. M. Edwards and A. M. Berger and C. J. Grandin and K. F. Johnson.},
  title         = {{Status of the Pacific Hake (whiting) stock in U.S. and
                  Canadian waters in 2022. Prepared by the Joint Technical
                  Committee of the U.S. and Canada Pacific Hake/Whiting
                  Agreement, National Marine Fishery Service and Fisheries and
                  Oceans Canada. 238~p}},
  year          = {2022}
}
% https://media.fisheries.noaa.gov/2022-02/2022-hake-assessment-post-srg.pdf

@Article{         martell2009hake,
  author        = {Martell, S.},
  year          = {2009},
  title         = {Assessment and management advice for {Pacific Hake} in {U.S.}
                  and {Canadian} waters in 2009},
  journal       = {DFO Can. Sci. Advis. Sec. Res. Doc.},
  volume        = {2009/021},
  pages         = {iv + 54~p}
}

@Article{         dfo2003hake,
  author        = {{DFO}},
  year          = {2003},
  title         = {{Pacific Hake} (offshore)},
  journal       = {DFO Can. Sci. Advis. Stock Status Rep.},
  volume        = {2003/032},
  pages         = {4~p}
}

@Article{         saunders1998pollock,
  author        = {M. W. Saunders and W. Andrews},
  year          = {1998},
  title         = {{Walleye Pollock} stock assessment for 1997 and recommended
                  yield options for 1998},
  journal       = {DFO Pacific Stock Assessment PSARC Working Paper},
  volume        = {2009/021},
  pages         = {18~p}
}

@Article{         haigh2005rougheye,
  author        = {Haigh, R. and Olsen, N. and Starr, P. J.},
  year          = {2005},
  title         = {A review of {Rougheye Rockfish} ({\emph{Sebastes
                  aleutianus}}) along the {Pacific} coast of {Canada}: biology,
                  distribution, and abundance trends},
  journal       = {DFO Can. Sci. Advis. Sec. Res. Doc.},
  volume        = {2005/096},
  pages         = {vi + 68~p}
}

@Article{         dfo1999rougheye,
  author        = {{DFO}},
  year          = {1999},
  title         = {{Rougheye Rockfish British Columbia} Coast},
  journal       = {DFO Sci. Stock Status Rep.},
  volume        = {1999/A6-15},
  pages         = {3~p}
}

@Article{         dfo2020rougheye,
  author        = {{MPO}},
  year          = {2020},
  title         = {Évaluation des stocks du complexe des sébastes à œil
                  épineux et à taches noires ({\emph{Sebastes
                  aleutianus/melanostictus}}) de la {Colombie-Britannique} en
                  2020},
  journal       = {Secr. can. de consult. sci. du MPO, Avis sci.},
  volume        = {2020/047}
}

@Article{         dfo1999shortraker,
  author        = {{DFO}},
  year          = {1999},
  title         = {{Shortraker Rockfish British Columbia} Coast},
  journal       = {DFO Sci. Stock Status Rep.},
  volume        = {1999/A6-14},
  pages         = {3~p}
}

@Article{         schnute1999shortraker,
  author        = {Schnute, J. T. and Olsen, N. and Haigh, R.},
  year          = {1999},
  title         = {Slope rockfish assessment for the west coast of {Canada} in
                  1998},
  journal       = {DFO Can. Stock Assess. Sec. Res. Doc.},
  volume        = {99/16},
  pages         = {vi + 79~p}
}

@Article{         starr2016silvergray,
  author        = {Starr, P. J. and Haigh, R. and Grandin, C},
  year          = {2016},
  title         = {Stock assessment for {Silvergray Rockfish} ({\emph{Sebastes
                  brevispinis}}) along the {Pacific} coast of {Canada}},
  journal       = {DFO Can. Sci. Advis. Sec. Res. Doc.},
  volume        = {2016/042},
  pages         = {vi + 170~p}
}

@Article{         dfo2014silvergray,
  author        = {{MPO}},
  year          = {2014},
  title         = {{Évaluation du stock de sébaste argenté (\emph{Sebastes
                  brevispinis}) le long de la côte du Pacifique du Canada}},
  journal       = {Secr. can. de consult. sci. du MPO},
  volume        = {2014/028}
}

@Article{         stocker1995copper,
  author        = {Stocker, M. and Fargo, J.},
  year          = {1995},
  title         = {Groundfish stock assessments for the west coast of {Canada}
                  in 1994 and recommended yield options for 1995},
  journal       = {DFO Can. Tech. Rep. Fish. Aquat. Sci.},
  volume        = {2069},
  pages         = {v + 440~p}
}

@Article{         haigh2008darkblotched,
  author        = {Haigh, R. and Starr, P.},
  year          = {2008},
  title         = {A review of {Darkblotched Rockfish} ({\emph{Sebastes
                  crameri}}) along the {Pacific coast of Canada}: biology,
                  distribution, and abundance trends},
  journal       = {DFO Can. Sci. Advis. Sec. Sci. Advis. Rep.},
  volume        = {2008/056}
}

@Article{         cosewic2010darkblotched,
  author        = {COSEPAC},
  year          = {2010},
  title         = {{Évaluation et Rapport de situation du COSEPACsur le
                  sébaste tacheté (\emph{Sebastes crameri}) au Canada.}},
  journal       = {COSEPAC},
  pages         = {viii + 53~p}
}
  % volume        = {CWS69-14/590-2010F-PDF},

@Article{         dfo2019widow,
  author        = {{MPO}},
  year          = {2019},
  title         = {{Évaluation des stocks de veuves (\emph{Sebastes entomelas})
                  de la Colombie-Britannique en 2019}},
  journal       = {Secr. can. de consult. sci. du MPO, Avis sci.},
  volume        = {2019/044}
}
%https://waves-vagues.dfo-mpo.gc.ca/Library/40864467.pdf

@Article{         stanley1999widow,
  author        = {Stanley, R.},
  year          = {1999},
  title         = {Shelf rockfish stock assessment for 1998 and recommended
                  yield options for 1999},
  journal       = {DFO Can. Stock Assess. Sec. Res. Doc.},
  volume        = {99/53},
  pages         = {57~p}
}

@Article{         dfo2015yellowtail,
  author        = {{MPO}},
  year          = {2015},
  title         = {{Évaluation du stock de sébastes à queue jaune
                  (\emph{Sebastes flavidus}) pour le littoral de la
                  Colombie-Britannique, au Canada}},
  journal       = {Secr. can. de consult. sci. du MPO},
  volume        = {2015/010}
}

@Article{         yamanaka2011quillback,
  author        = {Yamanaka, K. L. and McAllister, M. K. and Etienne, M.-P. and
                  Flemming, R.},
  year          = {2011},
  title         = {Stock assessment and recovery potential assessment for
                  {Quillback Rockfish} ({\emph{Sebastes maliger}}) on the
                  {Pacific} Coast of {Canada}},
  journal       = {DFO Can. Sci. Advis. Sec. Res. Doc.},
  volume        = {2011/135},
  pages         = {vii + 151~p}
}

@Article{         dfo2011quillback,
  author        = {{MPO}},
  year          = {2011},
  title         = {{Évaluation du stock et de son potentiel de rétablissement
                  --- sébaste à dos épineux (\emph{Sebastes maliger}) des
                  eaux côtières canadiennes du Pacifique}},
  journal       = {Secr. can. de consult. sci. du MPO, Avis sci.},
  volume        = {2011/072}
}

@Article{         stanley2012bocaccio,
  author        = {Stanley, R. D. and McAllister, M. and Starr, P.},
  year          = {2012},
  title         = {Updated stock assessment for {Bocaccio} ({\emph{Sebastes
                  paucispinis}}) in {British Columbia} waters for 2012},
  journal       = {DFO Can. Sci. Advis. Sec. Res. Doc.},
  volume        = {2012/109},
  pages         = {vii + 73~p}
}

@Article{         dfo2012bocaccio,
  author        = {{MPO}},
  year          = {2012},
  title         = {{Mise à jour de l'évaluation des stocks de bocaccio
                  (\emph{Sebastes paucispinis}) dans les eaux de la
                  Colombie-Britannique en 2012}},
  journal       = {Secr. can. de consult. sci. du MPO},
  volume        = {2012/059}
}

@Article{         dfo2020bocaccio,
  author        = {{MPO}},
  year          = {2020},
  title         = {Évaluation du stock de bocaccio ({\emph{Sebastes
                  paucispinis}}) de la {Colombie-Britannique} en 2019 et lignes
                  directrices relatives à l’élaboration de plans de
                  rétablissement},
  journal       = {Secr. can. de consult. sci. du MPO, Avis sci.},
  volume        = {2020/025}
}

@Article{         stanley2009canary,
  author        = {Stanley, R. D. and Starr, P. J. and Olsen, N.},
  year          = {2009},
  title         = {Stock assessment for Canary Rockfish ({\emph{Sebastes
                  pinniger}}) in {British Columbia waters}},
  journal       = {DFO Can. Sci. Advis. Sec. Res. Doc.},
  volume        = {2009/013},
  pages         = {xxii + 198~p}
}

@Article{         dfo2009canary,
  author        = {{MPO}},
  year          = {2009},
  title         = {Mise à jour de l’évaluation du stock de sébastes canaris
                  en {Colombie-Britannique}},
  journal       = {Secr. can. de consult. sci. du MPO. Rép. des Sci.},
  volume        = {2009/019}
}

@Article{         schnute1999redstripe,
  author        = {Schnute, J. T. and Olsen, N. and Haigh, R.},
  year          = {1999},
  title         = {Slope rockfish assessment for the west coast of {Canada} in
                  1998},
  journal       = {DFO Can. Stock Assess. Sec. Res. Doc.},
  volume        = {99-16},
  pages         = {79~p}
}

@Article{         dfo1999redstripe,
  author        = {{DFO}},
  year          = {1999},
  title         = {{Redstripe Rockfish British Columbia} coast},
  journal       = {DFO Sci. Stock Status Rep.},
  volume        = {A6-13},
  pages         = {3~p}
}

@Article{         starr2021redstripe,
  author        = {Starr, P. J. and Haigh, R.},
  year          = {2021},
  title         = {Évaluation du stock de sébaste à raie rouge
                  ({\emph{Sebastes proriger}}) en {Colombie-Britannique} en
                  2018},
  journal       = {Secr. can. de consult. sci. du MPO. Doc. de rech.},
  volume        = {2021/014},
  pages         = {vii + 356~p}
}

@Article{         edwards2012yellowmouth,
  author        = {Edwards, A M and Haigh, R. and Starr, P. J.},
  year          = {2012},
  title         = {Stock assessment and recovery potential assessment for
                  {Yellowmouth Rockfish} ({\emph{Sebastes reedi}}) along the
                  {Pacific coast of Canada}},
  journal       = {DFO Can. Sci. Advis. Sec. Res. Doc.},
  volume        = {2012/095},
  pages         = {iv + 188~p}
}

@Article{         dfo2011yellowmouth,
  author        = {{MPO}},
  year          = {2011},
  title         = {{Évaluation du potentiel de rétablissement du sébaste à
                  bouche jaune (\emph{Sebastes reedi}) dans les eaux côtières
                  canadiennes du Pacifique}},
  journal       = {Secr. can. de consult. sci. du MPO, Avis sci.},
  volume        = {2011/060}
}

@Article{         starr2015shortspineidiots,
  author        = {Starr, P. J. and Haigh, R.},
  year          = {2017},
  title         = {Stock assessment of the coastwide population of {Shortspine
                  Thornyhead} ({\emph{Sebastolobus alascanus)}} in 2015 off the
                  {British Columbia coast}},
  journal       = {DFO Can. Sci. Advis. Sec. Res. Doc.},
  volume        = {2017/015},
  pages         = {ix + 174~p}
}

@Article{         dfo2016shortspineidiots,
  author        = {{MPO}},
  year          = {2016},
  title         = {{Évaluation du stock de sébastolobe à courtes épines
                  (Sebastolobus alascanus) sur l'ensemble de la côte de la
                  Colombie-Britannique, Canada, en 2015}},
  journal       = {Secr. can. de consult. sci. du MPO},
  volume        = {2016/016}
}

@Article{         haigh2005longspineidiots,
  author        = {Haigh, R. and Olsen, N. and Starr, P.},
  year          = {2005},
  title         = {A review of {Longspine Thornyhead} ({\emph{Sebastolobus
                  altivelis}}) along the {Pacific coast of Canada}: biology,
                  distribution, and abundance trends},
  journal       = {DFO Can. Sci. Advis. Sec. Res. Doc.},
  volume        = {2005/097},
  pages         = {44~p}
}

@Article{         dfo2012longspineidiots,
  author        = {{MPO}},
  year          = {2012},
  title         = {Plan de gestion du complexe des sébastes à œil épineux et à taches
                  noires ({\emph{Sebastes aleutianus}} et {\emph{S. melanostictus}})
                  ainsi que du sébastolobe à longues épines ({\emph{Sebastolobus
                  altivelis}}) au {Canada}},
  journal       = {MPO Série des plans de gestion de la {\emph{Loi sur les espèces
                  en péril}}},
  pages         = {vi + 50~p}
}
% volume        = {En3-5/24-2011F-PDF},
%https://publications.gc.ca/collections/collection_2012/mpo-dfo/En3-5-24-2011-fra.pdf

@Article{         holt2016lingsog,
  author        = {Holt, K. R. and King, J. R. and Krishka, B. A.},
  year          = {2016},
  title         = {Stock assessment for {Lingcod} ({\emph{Ophiodon elongatus}})
                  in the {Strait of Georgia, British Columbia} in 2014},
  journal       = {DFO Can. Sci. Advis. Sec. Res. Doc.},
  volume        = {2016/013},
  pages         = {xi + 186~p}
}

@Article{         dfo2015lingsog,
  author        = {{MPO}},
  year          = {2015},
  title         = {{Évaluation du stock de morues-lingues (\emph{Ophiodon
                  elongatus}) en 2014 dans le détroit de Georgie,
                  Colombie-Britannique}},
  journal       = {Secr. can. de consult. sci. du MPO},
  volume        = {2015/014}
}

@Article{         king2011lingoutside,
  author        = {King, J. R. and McAllister, M. and Holt, K. R. and Starr, P.
                  J.},
  year          = {2011},
  title         = {{Lingcod} ({\emph{Ophiodon elongatus}}) stock assessment and
                  yield advice for outside stocks in {British Columbia}},
  journal       = {DFO Can. Sci. Advis. Sec. Res. Doc.},
  volume        = {2011/124},
  pages         = {viii + 177~p}
}

@Article{         dfo2011lingoutside,
  author        = {{MPO}},
  year          = {2011},
  title         = {{Évaluation du stock de morues-lingues (\emph{Ophiodon
                  elongatus}) et avis sur le rendement du stock dans les eaux
                  extérieures de la Colombie-Britannique}},
  journal       = {Secr. can. de consult. sci. du MPO, Avis sci.},
  volume        = {2011/051}
}

@Article{         grandin2017arrowtooth,
  author        = {Grandin, C. J. and Forrest, R. E.},
  year          = {2017},
  title         = {{Arrowtooth Flounder} ({\emph{Atheresthes stomias}}) stock
                  assessment for the West Coast of {British Columbia}},
  journal       = {DFO Can. Sci. Advis. Sec. Res. Doc.},
  volume        = {2017/25},
  pages         = {v + 87~p}
}

@Article{         dfo2015arrowtooth,
  author        = {{MPO}},
  year          = {2015},
  title         = {{Évaluation du stock de plie à grande bouche
                  (\emph{Atheresthes stomias}) de la côte ouest de la
                  Colombie-Britannique}},
  journal       = {Secr. can. de consult. sci. du MPO},
  volume        = {2015/055}
}

@Article{         starr2009petrale,
  author        = {Starr, P. J},
  year          = {2009},
  title         = {{Petrale Sole} ({\emph{Eopsetta jordani}}) in {British
                  Columbia, Canada}: stock assessment for 2006/07 and advice to
                  managers for 2007/08},
  journal       = {DFO Can. Sci. Advis. Sec. Res. Doc.},
  volume        = {2009/070},
  pages         = {v + 134~p}
}

@Article{         dfo1998petrale,
  author        = {{DFO}},
  year          = {1999},
  title         = {{Petrale Sole} ({\emph{Eopsetta jordani}}) {British Columbia,
                  Canada} ({Areas 3C-5D})},
  journal       = {DFO Sci. Stock Status Rep.},
  volume        = {A6-06},
  pages         = {3~p}
}

@Article{         holt2016rocksole,
  author        = {Holt, K. R. and Starr, P. J. and Haigh, R. and Krishka, B.},
  year          = {2016},
  title         = {Stock assessment and harvest advice for Rock Sole
                  ({\emph{Lepidopsetta}} spp.) in {British Columbia}},
  journal       = {DFO Can. Sci. Advis. Sec. Res. Doc.},
  volume        = {2016/009},
  pages         = {ix + 256~p}
}

@Article{         dfo2014rocksole,
  author        = {{MPO}},
  year          = {2014},
  title         = {{Évaluation de la fausse limande (\emph{Lepidopsetta} sp.)
                  et avis sur les prélèvements en Colombie-Britannique}},
  journal       = {Secr. can. de consult. sci. du MPO},
  volume        = {2014/039}
}

@Article{         dfo1999dover,
  author        = {{DFO}},
  year          = {1999},
  title         = {{Dover Sole} West coast {Vancouver Island} ({Areas 3C, D}) to
                  {Queen Charlotte Islands} ({Areas 5A-E}) },
  journal       = {DFO Sci. Stock Status Rep.},
  volume        = {A6-04},
  pages         = {3~p}
}

@Article{         starr2009english,
  author        = {Starr, P. J.},
  year          = {2009},
  title         = {{English Sole} ({\emph{Parophrys vetulus}}) in {British
                  Columbia, Canada}: Stock assessment for 2006-07 and advice to
                  managers for 2007/08},
  journal       = {DFO Can. Sci. Advis. Sec. Res. Doc.},
  volume        = {2009/069},
  pages         = {v + 149~p}
}

@Article{         dfo1999english5cd,
  author        = {{DFO}},
  year          = {1999},
  title         = {{English Sole Hecate Strait} ({Areas 5C/D})},
  journal       = {DFO Can. Sci. Advis. Sec. DFO Sci. Stock Status Rep.},
  volume        = {A6-05},
  pages         = {3~p}
}

@Article{         dfo2011baskingshark,
  author        = {{MPO}},
  year          = {2011},
  title         = {{Programme de rétablissement du pèlerin (\emph{Cetorhinus
                  maximus}) dans les eaux canadiennes du Pacifique}},
  journal       = {Série des programmes de rétablissement de la {\emph{Loi sur les
                  espèces en péril}}}
}

@Article{         mcfarlane2008basking,
  author        = {McFarlane, G. and King, J. and Leask, K. and Christensen, L.
                  B.},
  year          = {2008},
  title         = {Assessment of information used to develop a recovery
                  potential assessment for {Basking Shark} ({\emph{Cetorhinus
                  maximus}}) ({Pacific} population) in {Canada}},
  journal       = {DFO Can. Sci. Advis. Sec. Res. Doc.},
  volume        = {2008/071},
  pages         = {vi + 104~p}
}

@Article{         dfo2019pcod3cd5abcd,
  author        = {{MPO}},
  year          = {2019},
  title         = {{Évaluation de la morue du Pacifique de la
                  Colombie-Britannique dans les zones 3CD et 5ABCD en 2018}},
  journal       = {Secr. can. de consult. sci. du MPO},
  volume        = {2019/008}
}

@Article{         forrest2015pcod,
  author        = {Forrest, R. E. and Rutherford, K. L and Lacko, L. and
                  Kronlund, A. R. and Starr, P. J. and McClelland, E. K.},
  year          = {2015},
  title         = {Assessment of {Pacific Cod} ({\emph{Gadus macrocephalus}})
                  for {Hecate Strait (5CD) and Queen Charlotte Sound (5AB)} in
                  2013},
  journal       = {DFO Can. Sci. Advis. Sec. Res. Doc.},
  volume        = {2015/052},
  pages         = {xii + 197~p}
}

@Article{         forrest2020pcod,
  author        = {Forrest, R. E. and Anderson, S. C. and Grandin, C. J. and
                  Starr P. J.},
  year          = {2020},
  title         = {Évaluation de la morue du {Pacifique} ({\emph{Gadus
                  macrocephalus}}) pour le détroit {d’Hécate} et le bassin
                  de la {Reine-Charlotte (zone 5ABCD)}, ainsi que pour la côte
                  ouest de {l’île de Vancouver (zone 3CD) en 2018}},
  journal       = {Secr. can. de consult. sci. du MPO. Doc. de rech.},
  volume        = {2020/070},
  pages         = {v + 226 p}

}

@Article{         dfo2021pcod,
  author        = {MPO},
  year          = {2021},
  title         = {Mise à jour sur l’état des stocks de morues du {Pacifque}
                  ({\emph{Gadus macrocephalus}}) au large de la côte ouest de
                  l'île de {Vancouver} (zone {3CD}) ainsi que dans le détroit
                  {d'Hécate} et le bassin de la {Reine-Charlotte} (zone {5ABCD}) en 2020.},
  journal       = {Secr. can. de consult. sci. du MPO, Rép. des Sci.},
  volume        = {2021/002}
}

@Article{         edwards2014popwcvi,
  author        = {Edwards, A. M. and Haigh, R. and Starr, P. J.},
  year          = {2014},
  title         = {{Pacific Ocean Perch} ({\emph{Sebastes alutus}}) stock
                  assessment for the west coast of {Vancouver Island, British
                  Columbia}},
  journal       = {DFO Can. Sci. Advis. Sec. Res. Doc.},
  volume        = {2014/093},
  pages         = {vi + 135~p}
}

@Article{         edwards2013pophg,
  author        = {Andrew M. Edwards and Rowan Haigh and Paul J. Starr},
  year          = {2013},
  title         = {{Pacific Ocean Perch} ({\emph{Sebastes alutus}}) stock
                  assessment for the north and west coasts of {Haida Gwaii,
                  British Columbia}},
  journal       = {DFO Can. Sci. Advis. Sec. Res. Doc.},
  volume        = {2013/092},
  pages         = {vi + 126~p}
}

@Article{         edwards2011popqcs,
  author        = {Andrew M. Edwards and Paul J. Starr and Rowan Haigh},
  year          = {2011},
  title         = {Stock assessment for {Pacific Ocean Perch} ({\emph{Sebastes
                  alutus}}) in {Queen Charlotte Sound, British Columbia}},
  journal       = {DFO Can. Sci. Advis. Sec. Res. Doc.},
  volume        = {2011/111},
  pages         = {vi + 172~p.}
}

@Article{         dfo2013popwcvihg,
  author        = {{MPO}},
  year          = {2013},
  title         = {{Évaluations des stocks de sébaste à longue mâchoire
                  (\emph{Sebastes alutus}) sur la côte ouest de l'Île de
                  Vancouver et les côtes nord et ouest de Haida Gwaii, en
                  Colombie-Britannique}},
  journal       = {Secr. can. de consult. sci. du MPO},
  volume        = {2013/038}
}

@Article{         dfo2017popqcs,
  author        = {{MPO}},
  year          = {2017},
  title         = {{Évaluation du stock de sébastes à longue mâchoire
                  (\emph{Sebastes alutus}) dans le détroit de la
                  Reine-Charlotte, en Colombie-Britannique, en 2017}},
  journal       = {Secr. can. de consult. sci. du MPO},
  volume        = {2017/043}
}

@Article{         haigh2018popqcs,
  author        = {Rowan Haigh and Paul J. Starr and Andrew M. Edwards and
                  Jacquelynne R. King and Jean-Baptiste Lecomte},
  year          = {2018},
  title         = {Stock assessment for {Pacific Ocean Perch} ({\emph{Sebastes
                  alutus}}) in {Queen Charlotte Sound, British Columbia} in
                  2017},
  journal       = {DFO Can. Sci. Advis. Sec. Res. Doc.},
  volume        = {2018/038},
  pages         = {ix + 230~p.}
}

@Article{         edwards2017redbanded,
  author        = {Edwards, A. M. and Haigh, R. and Starr, P. J.},
  year          = {2017},
  title         = {{Redbanded Rockfish} ({\emph{Sebastes babcocki}}) stock
                  assessment for the {Pacific} coast of {Canada} in 2014.},
  journal       = {DFO Can. Sci. Advis. Sec. Res. Doc.},
  volume        = {2017/058},
  pages         = {v + 182~p}
}

@Article{         dfo2015yelloweyeoutside,
  author        = {{MPO}},
  year          = {2015},
  title         = {{Évaluation du stock de sébastes aux yeux jaunes
                  (\emph{Sebastes reberrimus}) des eaux extérieures de la
                  Colombie-Britannique en 2014}},
  journal       = {Secr. can. de consult. sci. du MPO},
  volume        = {2015/060}
}
%https://waves-vagues.dfo-mpo.gc.ca/Library/365330.pdf

@Article{         dfo2020yelloweyeoutside,
  author        = {{MPO}},
  year          = {2020},
  title         = {Évaluation des stratégies de rétablissement possibles pour
                  le sébaste aux yeux jaunes des eaux extérieures de la
                  {Colombie-Britannique}},
  journal       = {Secr. can. de consult. sci. du MPO, Avis sci.},
  volume        = {2020/024}
}

@Article{         cox2020yeout,
  author        = {Cox, S. P. and Doherty, B. and Benson, A. J. and Johnson, S.
                  D. N. and Haggarty, D. R.},
  year          = {2020},
  title         = {Évaluation des stratégies de rétablissement possibles pour
                  le sébaste aux yeux jaunes des eaux extérieures de la
                  {Colombie-Britannique}},
  journal       = {Secr. can. de consult. sci. du MPO. Doc. de rech.},
  volume        = {2020/069},
  pages         = {ix + 151~p}
}
%https://publications.gc.ca/collections/collection_2021/mpo-dfo/fs70-5/Fs70-5-2020-069-fra.pdf

@Article{         yamanaka2011yelloweyeinside,
  author        = {K. L. Yamanaka and M. K. McAllister and P. F. Olesiuk and
                  M.-P. Etienne and S. G. Obradovich and R. Haigh},
  year          = {2011},
  title         = {Stock assessment for the inside population of {Yelloweye
                  Rockfish} ({\emph{Sebastes ruberrimus}}) for {British
                  Columbia, Canada} for 2010},
  journal       = {DFO Can. Sci. Advis. Sec. Res. Doc.},
  volume        = {2011/129},
  pages         = {xiv + 131~p}
}

@Article{         dfo2011yelloweyeinside,
  author        = {{MPO}},
  year          = {2011},
  title         = {{Évaluation du stock de sébastes aux yeux jaunes
                  (\emph{Sebastes reberrimus}) des eaux intérieures de la
                  Colombie-Britannique, au Canada, 2010}},
  journal       = {Secr. can. de consult. sci. du MPO, Avis sci.},
  volume        = {2011/084}
}

@Article{         dfo2020yelloweyeinside,
  author        = {{MPO}},
  year          = {2020},
  title         = {Évaluation des procédures de gestion pour le plan de
                  rétablissement de la population de sébaste aux yeux jaunes
                  des eaux intérieures en {Colombie-Britannique}},
  journal       = {Secr. can. de consult. sci. du MPO, Avis sci.},
  volume        = {2020/056}
}

@Article{         dfo2020yelloweye,
  author        = {{MPO}},
  year          = {2020},
  title         = {Plan de gestion visant le sébaste aux yeux jaunes ({\emph{Sebastes ruberrimus}}) au {Canada}},
  journal       = {MPO Série des plans de gestion de la {\emph{Loi sur les espèces en péril}}},
  pages         = {iv + 33~p}
}
  % volume        = {En3-5/108-2020F-PDF},

@Article{         yamanaka2018yelloweyeoutside,
  author        = {K. Lynne Yamanaka and Murdoch M. McAllister and Marie-Pierre
                  Etienne and Andrew M. Edwards and and Rowan Haigh},
  year          = {2018},
  title         = {Stock assessment for the outside population of {Yelloweye
                  Rockfish} ({\emph{Sebastes ruberrimus}}) for {British
                  Columbia, Canada} in 2014},
  journal       = {DFO Can. Sci. Advis. Sec. Res. Doc.},
  volume        = {2018/001},
  pages         = {ix~+~150~p}
}
%https://waves-vagues.dfo-mpo.gc.ca/Library/40683874.pdf

@Article{         keppel2018yelloweye,
  author        = {Keppel, E. A. and Olsen, N.},
  year          = {2019},
  title         = {{Pre-COSEWIC} review of {Yelloweye Rockfish} ({\emph{Sebastes
                  ruberrimus}}) along the {Pacific} coast of {Canada}: biology,
                  distribution and abundance trends},
  journal       = {DFO Can. Sci. Advis. Sec. Res. Doc.},
  volume        = {2019/014},
  pages         = {x~+~109.p}
}

@Article{         starr2021pollock,
  author        = {Paul J. Starr and Haigh, R.},
  year          = {2021},
  title         = {Évaluation du stock de goberge de {l'Alaska}
                  ({\emph{Theragra chalcogramma}}) pour la
                  {Colombie-Britannique} en 2017},
  journal       = {Secr. can. de consult. sci. du MPO. Doc. de rech.},
  volume        = {2021/004},
  pages         = {viii~+~294~p}
}

@Article{         dfo2018pollock,
  author        = {{MPO}},
  year          = {2018},
  title         = {{Évaluation du stock de Goberge de l’Alaska
                  (\emph{Theragra Chalcogramma}) pour la Colombie-Britannique en
                  2017}},
  journal       = {Secr. can. de consult. sci. du MPO, Avis sci.},
  volume        = {2018/020}
}
%https://waves-vagues.dfo-mpo.gc.ca/Library/40712497.pdf

@Article{         cox2019sablefish,
  author        = {Cox, S. and Holt, K. and Johnson, S.},
  year          = {2019},
  title         = {Évaluation de la robustesse des procédures de gestion des pêches à la morue charbonnière ({\emph{Anoplopoma fimbria}}) en {Colombie-Britannique}, au {Canada}, pour 2017--2018},
  journal       = {Secr. can. de consult. sci. du MPO, Doc. de rech.},
  volume        = {2019/032},
  pages         = {vi + 87~p}
}

@Article{         dfo2020sablefish,
  author        = {{MPO}},
  year          = {2020},
  title         = {Évaluation de la robustesse des procédures de gestion proposées pour la pêche à
la morue charbonnière ({\emph{Anoplopoma fimbria}}) en C.-B., 2019--2020},
  journal       = {Secr. can. de consult. sci. du MPO, Rép. des Sci.},
  volume        = {2020/025}
}

@Article{         dfo2017sablefish,
  author        = {{MPO}},
  year          = {2017},
  title         = {{Un modèle révisé d’exploitation de la morue
                  charbonnière (\emph{Anoplopoma fimbria}) en
                  Colombie-Britannique, au Canada, pour 2017-2018}},
  journal       = {Secr. can. de consult. sci. du MPO},
  volume        = {2017/017}
}

@Article{         cox2011sablefish,
  author        = {Cox, S. P. and Kronlund, A. R. and Lacko, L.},
  year          = {2011},
  title         = {Management procedures for the multi-gear sablefish
                  ({\emph{Anoplopoma fimbria}}) fishery in {British Columbia},
                  {Canada}},
  journal       = {DFO Can. Sci. Advis. Sec. Res. Doc.},
  volume        = {2011-063},
  pages         = {viii + 45~p.}
}

@Article{         cosewic2007baskingshark,
  author        = {COSEPAC},
  year          = {2007},
  title         = {{Évaluation et Rapport de situation du COSEPAC sur le
                  pèlerin (\emph{Cetorhinus maximus}) (population du Pacifique)
                  au Canada}},
  journal       = {COSEPAC},
  pages         = {vii + 35~p.}
}
  % volume        = {CWS69-14/522-2007F-PDF},

@Article{         cosewic2018baskingshark,
  author        = {COSEPAC},
  year          = {2018},
  title         = {{Sommaire du statut de l’espèce du COSEPAC sur le pèlerin
                  {\emph{Cetorhinus maximus}} au {Canada}}},
  journal       = {COSEPAC},
  pages         = {xii}
}

@Article{         cosewic2020baskingshark,
  author        = {MPO},
  year          = {2020},
  title         = {{Plan d’action pour le requin-pèlerin {\emph{Cetorhinus maximus}}
                  dans les eaux {canadiennes du Pacifique}}},
  journal       = {Série de plans d’action de la {\emph{Loi sur les espèces en péril}}},
  pages         = {iii + 18~p.}
}

@Article{         cosewic2016blueshark,
  author        = {COSEPAC},
  year          = {2016},
  title         = {{Évaluation et Rapport de situation du COSEPAC sur le requin
                  bleu (\emph{Prionace glauca}), population de l'Atlantique Nord
                  et population du Pacifique Nord au Canada}},
  journal       = {COSEPAC},
  pages         = {xviii + 56~p.}
}
  % volume        = {CW69-14/463-2017F-PDF},

@Article{         cosewic2007bluntnose,
  author        = {COSEPAC},
  year          = {2007},
  title         = {Évaluation et Rapport de situation du COSEPAC sur le Requin
                  griset \emph{Hexanchus griseus} au {Canada}},
  journal       = {COSEPAC},
  pages         = {vii + 41~p.}
}
  % volume        = {CW69-14/524-2007F-PDF},

@Article{         cosewic2002bocaccio,
  author        = {COSEPAC},
  year          = {2002},
  title         = {{Évaluation et Rapport de situation du COSEPAC sur le
                  bocaccio (\emph{Sebastes paucispinis}) au Canada}},
  journal       = {COSEPAC},
  volume        = {CW69-14/315-2003F-IN},
  pages         = {vii + 46~p.}
}

@Article{         cosewic2013bocaccio,
  author        = {COSEPAC},
  year          = {2013},
  title         = {{Évaluation et Rapport de situation du COSEPAC sur le bocaccio
                  ({\emph{Sebastes paucispinis}}) au {Canada}}},
  journal       = {COSEPAC},
  pages         = {xi + 51~p.}
}
%https://wildlife-species.canada.ca/species-risk-registry/virtual_sara/files/cosewic/sr_Bocaccio_2013_f.pdf

@Article{         cosewic2007canary,
  author        = {COSEPAC},
  year          = {2007},
  title         = {{Évaluation et Rapport de situation du COSEPAC sur le
                  sébaste canari (\emph{Sebastes pinniger}) au Canada}},
  journal       = {COSEPAC},
  pages         = {viii + 81~p.}
}
  % volume        = {CW69-14/538-2008F-PDF},

@Article{         cosewic2007longspine,
  author        = {COSEPAC},
  year          = {2007},
  title         = {{Évaluation et Rapport de situation du COSEPAC sur le
                  sébastolobe à longues épines (\emph{Sebastolobus
                  altivelis}) au Canada}},
  journal       = {COSEPAC},
  pages         = {vii + 32~p.}
}
  % volume        = {CW69-14/527-2007F-PDF},

@Article{         cosewic2011dogfish,
  author        = {COSEPAC},
  year          = {2011},
  title         = {{Évaluation et Rapport de situation du COSEPAC sur
                  l’aiguillat commun du Pacifique Nord (\emph{Squalus
                  suckleyi}) au Canada}},
  journal       = {COSEPAC},
  pages         = {x + 52~p.}
}
  % volume        = {CW69-14/644-2012F-PDF},

@Article{         cosewic2009quillback,
  author        = {COSEPAC},
  year          = {2009},
  title         = {{Évaluation et Rapport de situation du COSEPAC sur le
                  sébaste à dos épineux (\emph{Sebastes maliger}) au Canada}},
  journal       = {COSEPAC},
  pages         = {viii + 78~p.}
}
  % volume        = {CW69-14/589-2010F-PDF},

@Article{         cosewic2007rougheye,
  author        = {COSEPAC},
  year          = {2007},
  title         = {{Évaluation et Rapport de situation du COSEPAC sur
                  lesébaste à oeil épineux du type I (\emph{Sebastes} sp.
                  type I) et du type II (\emph{Sebastes} sp. type II) au Canada}},
  journal       = {COSEPAC},
  pages         = {vii + 40~p.}
}
  % volume        = {CW69-14/526-2007F-PDF},

@Article{         cosewic2008yelloweye,
  author        = {COSEPAC},
  year          = {2008},
  title         = {{Évaluation et Rapport de situation du COSEPAC sur le
                  sébaste aux yeux jaunes (\emph{Sebastes ruberrimus}),
                  population des eaux intérieures de l'océan Pacifique et
                  population des eaux extérieures de l'océan Pacifique, au
                  Canada}},
  journal       = {COSEPAC},
  pages         = {viii + 83~p.}
}
  % volume        = {CW69-14/571-2009F-PDF},

@Article{         cosewic2020yelloweye,
  author        = {COSEPAC},
  year          = {2020},
  title         = {{Évaluation et Rapport de situation du COSEPAC sur sébaste
                  aux yeux jaunes (\emph{Sebastes ruberrimus}), population des
                  eaux extérieures de l’océan Pacifique et population des eaux
                  intérieures de l’océan Pacifique, au Canada}},
  journal       = {COSEPAC},
  pages         = {xvii + 87~p.}
}
  % volume        = {CW69-14/571-1-2021F-PDF},

@Article{         cosewic2010yellowmouth,
  author        = {COSEPAC},
  year          = {2010},
  title         = {{Évaluation et Rapport de situation du COSEPAC sur le
                  sébaste à bouche jaune (\emph{Sebastes reedi}) au Canada}},
  journal       = {COSEPAC},
  pages         = {viii + 70~p.}
}
  % volume        = {CW69-14/605-2010F-PDF},

@Article{         cosewic2007tope,
  author        = {COSEPAC},
  year          = {2007},
  title         = {{Évaluation et Rapport de situation du COSEPAC sur le
                  milandre (\emph{Galeorhinus galeus}) au Canada}},
  journal       = {COSEPAC},
  pages         = {vii + 35~p.}
}
  % volume        = {CW69-14/523-2007F-PDF},

@Article{         cosewic2021tope,
  author        = {COSEPAC},
  year          = {2021},
  title         = {{Évaluation et Rapport de situation du COSEPAC sur le
                  milandre (\emph{Galeorhinus galeus}) au Canada}},
  journal       = {COSEPAC},
  pages         = {xii + 54~p.}
}

@Article{         iphc2017,
  author        = {IPHC},
  year          = {2017},
  title         = {{Report of Assessment and Research Activities}},
  journal       = {Int. Pac. Halibut Comm.},
  volume        = {IPHC-2017-RARA27-R},
  pages         = {149~p.}
}

@Article{         dfo2018redstripe,
  author        = {{MPO}},
  year          = {2018},
  title         = {{Évaluation des stocks du sébaste à raie rouge
                  (\emph{Sebastes proriger}) de la Colombie-Britannique en
                  2018}},
  journal       = {Secr. can. de consult. sci. du MPO},
  volume        = {2018/049}
}

% not quite out yet Fs70-5/2021-007F-PDF
@Article{         anderson2021mp,
  author        = {Anderson, S.C. and Forrest, R.E. and Huynh, Q.C. and Keppel, E.A.},
  year          = {2021},
  title         = {Un Cadre des procédures de gestion pour le poisson de fond
                  en {Colombie-Britannique}},
  journal       = {Secr. can. de consult. sci. du MPO. Doc. de rech.},
  volume        = {2021/007},
  pages         = {vi + 150~p}
}

@Article{         starr2021widow,
  author        = {Starr, P. J. and Haigh, R.},
  year          = {2021},
  title         = {Évaluation des stocks de veuves (\emph{Sebastes entomelas})
                  de la Colombie-Britannique en 2019},
  journal       = {Secr. can. de consult. sci. du MPO. Doc. de rech.},
  volume        = {2021/039},
  pages         = {viii + 258~p}
}
% https://www.dfo-mpo.gc.ca/csas-sccs/Publications/ResDocs-DocRech/2021/2021_039-fra.html

@Article{         dfo2022bocaccio,
  author        = {{MPO}},
  year          = {2022},
  title         = {{Mise à jour de l’évaluation du stock de bocaccio (Sebastes paucispinis) 2019 pour la Colombie-Britannique en 2021}},
  journal       = {Secr. can. des avis sci. du MPO. Rép. des Sci.},
  volume        = {2022/001}
}

@Article{         dfo2022yellowmouth,
  author        = {{MPO}},
  year          = {2022},
  title         = {{Évaluation des stocks de sébastes à bouche jaune
                  (\emph{Sebastes reedi}) de la Colombie-Britannique en 2021}},
  journal       = {Secr. can. des avis sci. du MPO. Avis sci.},
  volume        = {2022/001}
}

% not quite out
@Article{         haggarty2021yelloweyeinside,
  author        = {Haggarty, D.R. and Huynh, Q.C. and Forrest, R.E. and Anderson, S.C. and
                  Bresch, M.J. and Keppel, E.A.},
  year          = {2022},
  title         = {{Évaluation des stratégies de rétablissement possibles pour le
                  sébaste aux yeux jaunes (\emph{Sebastes ruberrimus}) des eaux
                  intérieures de la Colombie-Britannique}},
  journal       = {Secr. can. de consult. sci. du MPO. Doc. de rech.},
  volume        = {2021/008},
  pages         = {vi + 141~p}
}
