@article{dunic2025smms,
  title = {A data synopsis for {British Columbia} groundfish: 2023 data update},
  author = {Anderson, S.C. and Dunic, J.C.},
  year = {2025},
  journal = {Can. Tech. Rep. Fish. Aquat. Sci.},
  volume = {3667},
  pages = {v~+~40~p},
}

@article{synopsis2023data,
  title = {A data synopsis for {British Columbia} groundfish: 2023 data update},
  author = {Anderson, S.C. and Dunic, J.C. and Keppel, E. A. and Edwards, A. M.},
  year = {2024},
  journal = {Can. Tech. Rep. Fish. Aquat. Sci.},
  volume = {3641},
  pages = {viii~+~262~p},
}

@article{synopsis2022data,
  title = {A data synopsis for {British Columbia} groundfish: 2022 data update},
  author = {Anderson, S.C. and Dunic, J.C. and Keppel, E. A. and Edwards, A. M.},
  year = {2024},
  journal = {Can. Tech. Rep. Fish. Aquat. Sci.},
  volume = {3624},
  pages = {viii~+~267~p},
}

@article{anderson2019synopsis,
  title = {A Reproducible Data Synopsis for over 100 Species of {British Columbia} Groundfish},
  author = {Anderson, S.C. and Keppel, E. A. and Edwards, A. M.},
  year = {2019},
  journal = {DFO Can. Sci. Advis. Sec. Res. Doc.},
  volume = {2019/041},
  pages = {vii~+~321~p},
}


@article{anderson2020fisheries,
  title = {Reproducible Visualization of Raw Fisheries Data for 113 Species Improves Transparency, Assessment Efficiency, and Monitoring},
  author = {Anderson, Sean C. and Keppel, Elise A. and Edwards, Andrew M.},
  year = {2020},
  journal = {Fisheries},
  volume = {45},
  pages = {535--543},
  langid = {english}
}

@Manual{edwards2022gfiphc,
    title = {gfiphc: Data Extraction and Analysis for Groundfish Data from the IPHC
Longline Survey in BC},
    author = {Andrew M. Edwards and Sean C. Anderson and Elise A. Keppel and Chris Grandin},
    year = {2022},
    note = {R package version 1.1.0},
}

@article{thorson2016,
  title = {Model-based inference for estimating shifts in species distribution, area occupied and centre of gravity},
  volume = {7},
  doi = {10.1111/2041-210X.12567},
  language = {en},
  number = {8},
  journal = {Methods Ecol. Evol.},
  author = {Thorson, James T. and Pinsky, Malin L. and Ward, Eric J.},
  year = {2016},
  pages = {990-1002}
}

@article{thorson2015,
  title = {Geostatistical delta-generalized linear mixed models improve precision for estimated abundance indices for {West Coast} groundfishes},
  volume = {72},
  doi = {10.1093/icesjms/fsu243},
  number = {5},
  journal = {ICES J. Mar. Sci.},
  author = {Thorson, James T. and Shelton, Andrew O. and Ward, Eric J. and Skaug, Hans J.},
  year = {2015},
  pages = {1297-1310}
}

@article{shelton2014,
  title = {Spatial semiparametric models improve estimates of species abundance and distribution},
  volume = {71},
  doi = {10.1139/cjfas-2013-0508},
  number = {11},
  journal = {Can. J. Fish. Aquat. Sci.},
  author = {Shelton, Andrew Olaf and Thorson, James T. and Ward, Eric J. and Feist, Blake E.},
  year = {2014},
  pages = {1655--1666}
}

@article{ward2015,
  title = {Using spatiotemporal species distribution models to identify temporally evolving hotspots of species co-occurrence},
  volume = {25},
  doi = {10.1890/15-0051.1},
  number = {8},
  journal = {Ecol. Appl.},
  author = {Ward, Eric J. and Jannot, Jason E. and Lee, Yong-Woo and Ono, Kotaro and Shelton, Andrew O. and Thorson, James T.},
  year = {2015},
  pages = {2198-2209}
}

@article{maunder2004,
  series = {Models in Fisheries Research: GLMs, GAMS and GLMMs},
  title = {Standardizing catch and effort data: a review of recent approaches},
  volume = {70},
  doi = {10.1016/j.fishres.2004.08.002},
  number = {2},
  journal = {Fisheries Research},
  author = {Maunder, Mark N. and Punt, Andr{\'e} E.},
  year = {2004},
  pages = {141-159}
}

@article{shelton2018,
  title = {Spatio-temporal models reveal subtle changes to demersal communities following the {Exxon Valdez} oil spill},
  volume = {75},
  doi = {10.1093/icesjms/fsx079},
  number = {1},
  journal = {ICES J. Mar. Sci.},
  author = {Shelton, Andrew O. and Hunsicker, Mary E. and Ward, Eric J. and Feist, Blake E. and Blake, Rachael and Ward, Colette L. and Williams, Benjamin C. and Duffy-Anderson, Janet T. and Hollowed, Anne B. and Haynie, Alan C.},
  year = {2018},
  pages = {287--297}
}


@article{rue2009,
  title = {Approximate {Bayesian Inference} for {Latent Gaussian} models using {Integrated Nested Laplace Approximations} (with discussion)},
  volume = {71},
  journal = {J. R. Stat. Soc. Series B},
  author = {Rue, H{\aa}vard and Martino, Sara and Chopin, Nicholas},
  year = {2009},
  pages = {319-392}
}

@article{kristensen2016,
  title = {{TMB}: automatic differentiation and {Laplace} approximation},
  author = {Kasper Kristensen and Anders Nielsen and Casper W. Berg and Hans Skaug and Bradley M. Bell},
  journal = {J. Stat. Softw.},
  year = {2016},
  volume = {70},
  number = {5},
  pages = {1--21},
  doi = {10.18637/jss.v070.i05},
}

@book{hart1988,
  title = {Pacific Fishes of {Canada}},
  publisher = {{Fisheries Research Board of Canada}},
  author = {Hart, John Lawson and Clemens, W. A and {Fisheries Research Board of Canada}},
  year = {1988}
}


@article{harley2001,
  title = {Is catch-per-unit-effort proportional to abundance?},
  volume = {58},
  number = {9},
  journal = {Can. J. Fish. Aquat. Sci.},
  author = {Harley, S. J. and Myers, Ransom A. and Dunn, A.},
  year = {2001},
  pages = {1760-1772}
}

@article{macdougall2016,
  journal = {DFO Can. Sci. Advis. Sec. Proceed. Ser.},
  title = {Proceedings of the {Pacific Regional Peer Review} on a review of
           international best practices to assigning species to tiers for the
           purposes of stock assessment based on data availability and
           richness; {May} 30--31},
  number = {2016/051},
  author = {DFO},
  year = {2016},
}

@Misc{rstan2018,
    title = {{RStan}: the {R} interface to {Stan}},
    author = {{Stan Development Team}},
    note = {R package version 2.17.3},
    year = {2018},
  }

@article{vonbertalanffy1938,
  title={A quantitative theory of organic growth (inquiries on growth laws {II})},
  author={Von Bertalanffy, Ludwig},
  journal={Hum. Biol.},
  volume={10},
  number={2},
  pages={181--213},
  year={1938},
}


@book{venables2002,
  edition = {4\textsuperscript{th}},
  title = {Modern Applied Statistics with {S}},
  publisher = {Springer},
  author = {Venables, W. N. and Ripley, B. D.},
  year = {2002},
}

@Article{lindgren2015,
  title = {Bayesian Spatial Modelling with {R}-{INLA}},
  author = {Finn Lindgren and H{\aa}vard Rue},
  journal = {J. Stat. Softw.},
  year = {2015},
  volume = {63},
  number = {19},
  pages = {1--25},
}


@article{lindgren2011,
  title = {An Explicit Link between {{Gaussian}} Fields and {{Gaussian Markov}} Random Fields: The Stochastic Partial Differential Equation Approach},
  volume = {73},
  doi = {10.1111/j.1467-9868.2011.00777.x},
  number = {4},
  journal = {Journal of the Royal Statistical Society: Series B (Statistical Methodology)},
  author = {Lindgren, Finn and Rue, H\aa{}vard and Lindstr\"om, Johan},
  year = {2011},
  pages = {423-498}
}


@book{cressie2011,
  address = {Hoboken, N.J},
  series = {Wiley series in probability and statistics},
  title = {Statistics for Spatio-Temporal Data},
  isbn = {978-0-471-69274-4},
  lccn = {QA278.2 .C754 2011},
  publisher = {{Wiley}},
  author = {Cressie, Noel A. C. and Wikle, Christopher K.},
  year = {2011}
}


@incollection{rasmussen2004,
  title={Gaussian processes in machine learning},
  author={Rasmussen, Carl Edward},
  booktitle={Advanced lectures on machine learning},
  pages={63--71},
  year={2004},
  publisher={Springer}
}

@article{ono2016,
  title = {Space-Time Investigation of the Effects of Fishing on Fish Populations},
  volume = {26},
  doi = {10.1890/14-1874.1},
  number = {2},
  journal = {Ecol. Appl.},
  author = {Ono, Kotaro and Shelton, Andrew O. and Ward, Eric J. and Thorson, James T. and Feist, Blake E. and Hilborn, Ray},
  year = {2016},
  pages = {392-406}
}

@Manual{r2018,
 title = {R: A Language and Environment for Statistical Computing},
 author = {{R Core Team}},
 organization = {R Foundation for Statistical Computing},
 address = {Vienna, Austria},
 year = {2018},
}


@article{monnahan2018,
  title = {The Effect of Hook Spacing on Longline Catch Rates: {{Implications}} for Catch Rate Standardization},
  volume = {198},
  doi = {10.1016/j.fishres.2017.10.004},
  journal = {Fisheries Research},
  author = {Monnahan, Cole C. and Stewart, Ian J.},
  year = {2018},
  pages = {150-158}
}

@article{dunn1996,
  title = {Randomized Quantile Residuals},
  volume = {5},
  doi = {10.1080/10618600.1996.10474708},
  number = {3},
  journal = {Journal of Computational and Graphical Statistics},
  author = {Dunn, Peter K. and Smyth, Gordon K.},
  year = {1996},
  pages = {236-244}
}

@article{rutherford1999,
  title = {A brief history of {GFC}atch (1954--1995), the groundfish catch
and effort database at the {Pacific Biological Station}},
  volume = {2299},
  journal = {DFO Can. Tech. Rep. Fish. Aquat. Sci.},
  author = {Rutherford, K. L.},
  year = {1999},
  pages = {66~p}
}

@article{lecomte2013,
  title = {Compound {Poisson}-Gamma vs. delta-Gamma to Handle Zero-Inflated Continuous Data under a Variable Sampling Volume},
  volume = {4},
  doi = {10.1111/2041-210X.12122},
  language = {en},
  number = {12},
  journal = {Methods in Ecology and Evolution},
  author = {Lecomte, Jean-Baptiste and Beno\^it, Hugues P. and Ancelet, Sophie and Etienne, Marie-Pierre and Bel, Liliane and Parent, Eric},
  editor = {O'Hara, Robert B.},
  year = {2013},
  pages = {1159-1166}
}

@article{maunder2004a,
  series = {Models in Fisheries Research: {GLMs, GAMS and GLMMs}},
  title = {Standardizing Catch and Effort Data: A Review of Recent Approaches},
  volume = {70},
  doi = {10.1016/j.fishres.2004.08.002},
  number = {2},
  journal = {Fisheries Research},
  author = {Maunder, Mark N. and Punt, Andr\'e E.},
  year = {2004},
  pages = {141-159}
}

@article{thorson2017,
  title = {Three Problems with the Conventional Delta-Model for Biomass Sampling Data, and a Computationally Efficient Alternative},
  doi = {10.1139/cjfas-2017-0266},
  journal = {Canadian Journal of Fisheries and Aquatic Sciences},
  author = {Thorson, James T},
  year = {2017}
}

@article{foster2013,
  title = {A {{Poisson}}\textendash{{Gamma}} Model for Analysis of Ecological Non-Negative Continuous Data},
  volume = {20},
  doi = {10.1007/s10651-012-0233-0},
  language = {en},
  number = {4},
  journal = {Environmental and Ecological Statistics},
  author = {Foster, Scott D. and Bravington, Mark V.},
  year = {2013},
  pages = {533-552}
}

@article{shono2008,
  title = {Application of the {{Tweedie}} Distribution to Zero-Catch Data in {{CPUE}} Analysis},
  volume = {93},
  doi = {10.1016/j.fishres.2008.03.006},
  number = {1},
  journal = {Fisheries Research},
  author = {Shono, Hiroshi},
  year = {2008},
  pages = {154-162}
}

@article{smolarova,
  title = {Tweedie Models for Pricing and Reserving},
  language = {en},
  author = {Smol\'arov\'a, Tereza},
  pages = {59}
}

@article{quijanoxacur2015,
  title = {Generalised Linear Models for Aggregate Claims: To {{Tweedie}} or Not?},
  volume = {5},
  doi = {10.1007/s13385-015-0108-5},
  language = {en},
  number = {1},
  journal = {European Actuarial Journal},
  author = {Quijano Xacur, Oscar Alberto and Garrido, Jos\'e},
  year = {2015},
  pages = {181-202}
}

@article{arcuti2013,
  title = {Spatio-Temporal Modelling of Zero-Inflated Deep-Sea Shrimp Data by {{Tweedie}} Generalized Additive},
  volume = {73},
  copyright = {Copyright (c)},
  doi = {10.6092/issn.1973-2201/3987},
  language = {en},
  number = {1},
  journal = {Statistica},
  author = {Arcuti, Simona and Calculli, Crescenza and Pollice, Alessio and D'Onghia, Gianfranco and Maiorano, Porzia and Tursi, Angelo},
  year = {2013},
  pages = {87-101}
}

@article{dunn2009,
  title = {Improving Comparisons between Models for {{CPUE}}},
  volume = {97},
  doi = {10.1016/j.fishres.2008.12.017},
  number = {1},
  journal = {Fisheries Research},
  author = {Dunn, Peter K.},
  year = {2009},
  pages = {148-149}
}

@article{li2015a,
  title = {Model Selection between Traditional and Popular Methods for Standardizing Catch Rates of Target Species: {{A}} Case Study of {{Japanese Spanish}} Mackerel in the Gillnet Fishery},
  volume = {161},
  doi = {10.1016/j.fishres.2014.08.021},
  journal = {Fisheries Research},
  author = {Li, Zengguang and Ye, Zhenjiang and Wan, Rong and Zhang, Chi},
  year = {2015},
  pages = {312-319}
}

@article{candy2004,
  title = {Modelling Catch and Effort Data Using Generalised Linear Models,
           the {Tweedie} Distribution, Random Vessel Effects and Random
           Stratum-by-Year Effects},
  volume = {11},
  language = {en},
  journal = {CCAMLR Science},
  author = {Candy, S G},
  year = {2004},
  pages = {59-80}
}

@article{brooks2017,
    author = {Mollie E. Brooks and Kasper Kristensen and Koen J. {van Benthem} and Arni Magnusson and Casper W. Berg and Anders Nielsen and Hans J. Skaug and Martin Maechler and Benjamin M. Bolker},
    title = {{glmmTMB} Balances Speed and Flexibility Among Packages for Zero-inflated Generalized Linear Mixed Modeling},
    year = {2017},
    journal = {The R Journal},
    url = {https://journal.r-project.org/archive/2017/RJ-2017-066/index.html},
    pages = {378--400},
    volume = {9},
    number = {2},
}

@article{jorgensen1987,
  title = {Exponential Dispersion Models},
  volume = {49},
  number = {2},
  journal = {Journal of the Royal Statistical Society. Series B (Methodological)},
  author = {Jorgensen, Bent},
  year = {1987},
  pages = {127-162}
}

@article{thorson2013,
  title = {Accounting for space--time interactions in index standardization models},
  volume = {147},
  number = {0},
  journal = {Fisheries Research},
  author = {Thorson, James T. and Ward, Eric J.},
  year = {2013},
  keywords = {bayesian,bibdesk,spatiotemporal},
  pages = {426-433},
  bdsk-url-2 = {http://dx.doi.org/10.1016/j.fishres.2013.03.012}
}

@book{crawley2002,
   author    = {M. J. Crawley},
   title     = {{Statistical Computing: An Introduction to Data Analysis using S-Plus}},
   year      = {2002},
   publisher = {John Wiley \& Sons Ltd.},
   address   = {Chichester, UK},
   pages     = {761}
}

@article{latimer2009,
  title = {Hierarchical models facilitate spatial analysis of large data sets: a case study on invasive plant species in the northeastern {United States}},
  volume = {12},
  doi = {10.1111/j.1461-0248.2008.01270.x},
  number = {2},
  journal = {Ecology Letters},
  author = {Latimer, A. M. and Banerjee, S. and Sang Jr, H. and Mosher, E. S. and Silander Jr, J. A.},
  year = {2009},
  pages = {144-154}
}

@article{anderson2018,
  title = {Black Swans in Space: Modelling Spatiotemporal Processes with Extremes},
  doi = {10.1002/ecy.2403},
  journal = {Ecology},
  author = {Anderson, Sean C. and Ward, Eric J.},
  year = {2019},
  number = {43},
  volume = {114},
  pages = {E8955--E8956},
}

@article{thorson2017b,
  title = {Comparing Estimates of Abundance Trends and Distribution Shifts Using Single- and Multispecies Models of Fishes and Biogenic Habitat},
  volume = {74},
  doi = {10.1093/icesjms/fsw193},
  number = {5},
  journal = {ICES Journal of Marine Science},
  author = {Thorson, James T. and Barnett, Lewis A. K.},
  year = {2017},
  pages = {1311--1321}
}

% Not referencing this in bib since it gets automatically called 'in press' -
%  think unpub have to go in main text anyway.
@article{etienneUnpub,
  title = {Extracting abundance indices from longline surveys: a method to account for hook competition and unbaited hooks},
  volume = {},
  journal = {},
  author = {M.-P. Etienne and S. G. Obradovich and K. L. Yamanaka and M. K. McAllister},
  year = {unpublishd manuscript},
  url = {https://arxiv.org/pdf/1005.0892.pdf},
  pages = {}
}

@Manual{viridis2018,
    title = {viridis: Default Color Maps from 'matplotlib'},
    author = {Simon Garnier},
    year = {2018},
    note = {R package version 0.5.1},
  }

@article{stewart2018halibut,
  author = {I. Stewart and A. Hicks},
  title = {{Assessment of the Pacific halibut (\emph{Hippoglossus stenolepis}) stock at the end of 2017}},
  volume  = {IPHC-2018-AM094-10},
  pages   = {25~p},
  year =   {2018}
}

@article{efron1987,
  title={Better bootstrap confidence intervals},
  author={Efron, Bradley},
  journal={Journal of the American statistical Association},
  volume={82},
  number={397},
  pages={171--185},
  year={1987},
}

@Manual{rvest2016,
   title = {{rvest}: Easily Harvest (Scrape) Web Pages},
   author = {Hadley Wickham},
   year = {2016},
   note = {R package version 0.3.2},
   url = {https://CRAN.R-project.org/package=rvest},
 }

@Article{chamerberlain2013,
   title = {taxize --- taxonomic search and retrieval in {R}},
   journal = {F1000Research},
   author = {Scott Chamberlain and Eduard Szocs},
   year = {2013},
   url = {http://f1000research.com/articles/2-191/v2},
 }


@Manual{gridExtra,
  title = {{gridExtra}: Miscellaneous Functions for 'Grid' Graphics},
  author = {Baptiste Auguie},
  year = {2017},
  note = {R package version 2.3},
  url = {https://CRAN.R-project.org/package=gridExtra},
}

@Manual{egg,
  title = {egg: Extensions for 'ggplot2': Custom Geom, Plot Alignment,
mmetrised Scale, and Fixed Panel Size},
  author = {Baptiste Auguie},
  year = {2018},
  note = {R package version 0.4.0},
  url = {https://CRAN.R-project.org/package=egg},
}

@Manual{dplyr,
  title = {{dplyr}: A Grammar of Data Manipulation},
  author = {Hadley Wickham and Romain François and Lionel Henry and Kirill Müller},
  year = {2018},
  note = {R package version 0.7.7},
  url = {https://CRAN.R-project.org/package=dplyr},
}

@Book{ggplot2,
  author = {Hadley Wickham},
  title = {{ggplot2}: Elegant Graphics for Data Analysis},
  publisher = {Springer-Verlag New York},
  year = {2016},
  isbn = {978-3-319-24277-4},
  url = {http://ggplot2.org},
}

@Book{bookdown,
  title = {bookdown: Authoring Books and Technical Documents with {R} Markdown},
  author = {Yihui Xie},
  publisher = {Chapman and Hall/CRC},
  address = {Boca Raton, Florida},
  year = {2016},
  note = {ISBN 978-1138700109},
  url = {https://github.com/rstudio/bookdown},
}


@article{petitgas2001,
  title = {Geostatistics in Fisheries Survey Design and Stock Assessment: Models, Variances and Applications},
  volume = {2},
  doi = {10.1046/j.1467-2960.2001.00047.x},
  number = {3},
  journal = {Fish and Fisheries},
  author = {Petitgas, Pierre},
  year = {2001},
  pages = {231-249}
}

@article{webster2017,
  author = {R. Webster},
  title = {{Space-time modelling of fishery-independent setline survey data}},
  volume  = {IPHC-2018-AM094-07},
  pages   = {27~p},
  year =   {2017}
}

@Book{knitr,
  title = {Dynamic Documents with {R} and knitr},
  author = {Yihui Xie},
  publisher = {Chapman and Hall/CRC},
  address = {Boca Raton, Florida},
  year = {2015},
  edition = {2nd},
  note = {ISBN 978-1498716963},
  url = {https://yihui.name/knitr/},
}


@article{anderson2017c,
  title = {Black-Swan Events in Animal Populations},
  volume = {114},
  doi = {10.1073/pnas.1611525114},
  language = {en},
  number = {12},
  journal = {Proceedings of the National Academy of Sciences},
  author = {Anderson, Sean C. and Branch, Trevor A. and Cooper, Andrew B. and Dulvy, Nicholas K.},
  year = {2017},
  keywords = {die-offs,ecological risk,ecological surprises,mass mortality,population dynamics},
  pages = {3252-3257}
}

@Article{         dfo2021mpframe,
  author        = {DFO},
  year          = {2021},
  title         = {A management procedure framework for groundfish in {British Columbia}},
  journal       = {DFO Can. Sci. Advis. Sec. Sci. Advis. Rep.},
  volume        = {2021/002}
}


@article{anderson2022sdmTMB,
  title = {{{sdmTMB}}: An {{R}} Package for Fast, Flexible, and User-Friendly Generalized Linear Mixed Effects Models with Spatial and Spatiotemporal Random Fields},
  author = {Anderson, Sean C. and Ward, Eric J. and English, Philina A. and Barnett, Lewis A. K. and Thorson, J. T.},
  year = {2024},
  month = mar,
  journal = {In press at Journal of Statistical Software. bioRxiv preprint},
  volume = {2022.03.24.485545},
  doi = {10.1101/2022.03.24.485545},
}

@Article{         synopsis2021data,
  author        = {{DFO}},
  year          = {2022},
  title         = {A data synopsis for {British Columbia} groundfish: 2021 data update},
  journal       = {DFO Can. Sci. Advis. Sec. Sci. Resp.},
  volume        = {2022/020}
}


@article{watson2022,
  title = {A Statistical Censoring Approach Accounts for Hook Competition in Abundance Indices from Longline Surveys},
  author = {Watson, Joe and Edwards, Andrew and {Auger-M{\'e}th{\'e}}, Marie},
  year = {2022},
  volume = {80},
  number = {3},
  pages = {468-486},
  journal = {Canadian Journal of Fisheries and Aquatic Sciences},
  doi = {10.1139/cjfas-2022-0159},
}

@phdthesis{obradovich2018,
  title = {Evaluating Key Assumptions of a Hook-Based Relative Abundance Index Derived from the Catch of Bottom Longlines},
  author = {Obradovich, Shannon Grace},
  year = {2018},
  school = {University of British Columbia}
}

@article{somerton1995,
  title = {A Stock Survey Technique Using the Time to Capture Individual Fish on Longlines},
  author = {Somerton, David A. and Kikkawa, Bert S.},
  year = {1995},
  journal = {Canadian Journal of Fisheries and Aquatic Sciences},
  volume = {52},
  number = {2},
  pages = {260--267},
}

@Manual{r2023,
    title = {R: A Language and Environment for Statistical Computing},
    author = {{R Core Team}},
    organization = {R Foundation for Statistical Computing},
    address = {Vienna, Austria},
    year = {2025},
    url = {https://www.R-project.org/},
  }

@Manual{fmesher,
  title = {fmesher: Triangle Meshes and Related Geometry Tools},
  author = {Finn Lindgren},
  year = {2025},
  note = {R package version 0.3.0},
  url = {https://CRAN.R-project.org/package=fmesher},
  doi = {10.32614/CRAN.package.fmesher},
}

@article{english2023,
  title = {Spatial Restrictions Hinder Avoidance of Choke Species in an {{Indigenous}} Rights-Based Fishery},
  author = {English, Philina A. and Picco, Candace M. and Edwards, Jessica C. and Haggarty, Dana R. and Forrest, Robyn E. and Anderson, Sean C.},
  year = {2023},
  journal = {People and Nature},
  volume = {In press. doi: 10.1002/pan3.10554},
  doi = {10.1002/pan3.10554},
}

@incollection{anderson2023sopo,
  title = {Trends in {{Pacific Canadian}} Groundfish Stock Status and Surveys},
  booktitle = {State of the Physical, Biological and Selected Fishery Resources of {{Pacific Canadian}} Marine Ecosystems in 2022},
  author = {Anderson, S C and English, P A and Dunic, J C},
  editor = {Boldt, Jennifer L and Joyce, Elizabeth and Tucker, Strahan and Gauthier, St{\'e}phane},
  year = {2023},
  series = {Canadian {{Technical Report}} of {{Fisheries}} and {{Aquatic Sciences}}},
  number = {3542},
  pages = {141--149},
}

@article{webster2020,
  title = {Monitoring Change in a Dynamic Environment: Spatiotemporal Modelling of Calibrated Data from Different Types of Fisheries Surveys of {{Pacific}} Halibut},
  author = {Webster, Raymond A. and Soderlund, Eric and Dykstra, Claude L. and Stewart, Ian J.},
  year = {2020},
  journal = {Canadian Journal of Fisheries and Aquatic Sciences},
  volume = {77},
  number = {8},
  pages = {1421--1432},
  doi = {10.1139/cjfas-2019-0240},
}


@article{aitchison1955,
  title = {On the Distribution of a Positive Random Variable Having a Discrete Probability Mass at the Origin},
  author = {Aitchison, John},
  year = {1955},
  month = sep,
  journal = {Journal of the American Statistical Association},
  volume = {50},
  number = {271},
  eprint = {2281175},
  eprinttype = {jstor},
  pages = {901},
  issn = {01621459},
  doi = {10.2307/2281175},
  urldate = {2022-04-12},
  file = {/Users/seananderson/Zotero/storage/GIKRLVEA/Aitchison - 1955 - On the Distribution of a Positive Random Variable .pdf}
}

@book{hilbe2011,
  title = {Negative {{Binomial Regression}}},
  author = {Hilbe, Joseph M},
  year = {2011},
  publisher = {{Cambridge University Press}}
}

@incollection{tweedie1984,
  title = {An Index Which Distinguishes between Some Important Exponential Families},
  booktitle = {Statistics: {{Applications}} and {{New Directions}}. {{Proceedings}} of the {{Indian Statistical Institute Golden Jubilee International Conference}}},
  author = {Tweedie, M C K},
  editor = {Gosh, J K and Roy, J},
  year = {1984},
  pages = {579--604},
  publisher = {{Indian Statistical Institute}},
  address = {{Calcutta}}
}

@article{thorson2018poisson,
  title = {Three Problems with the Conventional Delta-Model for Biomass Sampling Data, and a Computationally Efficient Alternative},
  author = {Thorson, James T},
  year = {2018},
  journal = {Canadian Journal of Fisheries and Aquatic Sciences},
  volume = {75},
  number = {9},
  pages = {1369--1382},
  issn = {0706-652X},
  doi = {10.1139/cjfas-2017-0266},
  urldate = {2017-12-07},
}

@article{righetto2020,
  title = {On the Choice of the Mesh for the Analysis of Geostatistical Data Using {{R-INLA}}},
  author = {Righetto, Ana Julia and Faes, Christel and Vandendijck, Yannick and Jr, Paulo Justiniano Ribeiro},
  year = {2020},
  month = jan,
  journal = {Communications in Statistics - Theory and Methods},
  volume = {49},
  number = {1},
  pages = {203--220},
  publisher = {{Taylor \& Francis}},
  issn = {0361-0926},
  doi = {10.1080/03610926.2018.1536209},
  urldate = {2021-07-28},
  file = {/Users/seananderson/Zotero/storage/LMULHAM6/Righetto et al_2020_On the choice of the mesh for the analysis of geostatistical data using R-INLA.pdf}
}

@article{wallace2015,
  title = {Canada's {{Pacific}} Groundfish Trawl Habitat Agreement: {{A}} Global First in an Ecosystem Approach to Bottom Trawl Impacts},
  shorttitle = {Canada's {{Pacific}} Groundfish Trawl Habitat Agreement},
  author = {Wallace, Scott and Turris, Bruce and Driscoll, John and Bodtker, Karin and Mose, Brian and Munro, Gordon},
  year = {2015},
  month = oct,
  journal = {Marine Policy},
  volume = {60},
  pages = {240--248},
  issn = {0308597X},
  urldate = {2017-05-29},
  langid = {english},
}
