@article{williams2018synqcs,
 author       = {Williams, D. C. and Nottingham, M. K. and Olsen, N. and Wyeth, M. R.},
 year         = {2018},
 title        = {Summary of the {Queen Charlotte Sound} synoptic bottom trawl survey, {July} 6 -- {August} 8, 2015},
 journal   = {DFO Can. Manuscr. Rep. Fish. Aquat. Sci.},
 volume    = {3136},
 pages     = {viii + 64~p}
}


@article{nottingham2017synwcvi,
 author       = {Nottingham, M. K. and Williams, D. C. and Wyeth, M. R. and Olsen, N.},
 year         = {2017},
 title        = {Summary of the {West Coast} {Vancouver Island} synoptic bottom trawl survey, {May} 28 -- {June} 21, 2014},
 journal   = {DFO Can. Manuscr. Rep. Fish. Aquat. Sci.},
 volume    = {2017/3140},
 pages     = {viii + 55~p}
}


@article{wyeth2018synhs,
 author       = {Wyeth, M. R. and Olsen, N. and Nottingham, M. K. and Williams, D. C.},
 year         = {2018},
 title        = {Summary of the {Hecate Strait} synoptic bottom trawl survey, {May} 26 -- {June} 22, 2015},
 journal   = {DFO Can. Manuscr. Rep. Fish. Aquat. Sci.},
 volume    = {2018/3126},
 pages     = {viii + 55~p}
}


@article{williams2018synwchg,
 author       = {Williams, D. C. and Nottingham, M. K. and Olsen, N. and Wyeth, M. R.},
 year         = {2018},
 title        = {Summary of the {West Coast} {Haida Gwaii} synoptic bottom trawl survey, {August} 25 -- {October} 2, 2014},
 journal   = {DFO Can. Manuscr. Rep. Fish. Aquat. Sci.},
 volume    = {2018/3134},
 pages     = {viii + 42~p}
}


@article{lochead2007irf,
 author       = {Lochead, J. K. and Yamanaka, K. L.},
 year         = {2007},
 title        = {Summary report for the inshore rockfish (\emph{Sebastes} spp.) longline survey conducted in {Statistical Areas} 14 to 20, 28 and 29,
from {August} 11 to {September} 6, 2005},
 journal   = {DFO Can. Tech. Rep. Fish. Aquat. Sci.},
 volume    = {2007/2690},
 pages     = {viii + 53~p}
}

@article{doherty2019hbllout,
 author       = {Doherty, B. and Benson, A. J. and Cox S. P.},
 year         = {2019},
 title        = {Data summary and review of the {PHMA} hard bottom longline survey in {British Columbia} after the first 10 years (2006-2016)},
 journal   = {DFO Can. Tech. Rep. Fish. Aquat. Sci.},
 volume    = {2019/3276},
 pages     = {ix + 75~p}
}

@article{flemming2012iphc,
 author       = {Flemming, R. G. and Yamanaka, K. L. and Cooke, K. and Dykstra, C.},
 year         = {2012},
 title        = {Summary of non-{Halibut} catch from the Standardized Stock Assessment Survey conducted by the {International Pacific Halibut Commission} in {British Columbia} from {June} 3 to {August} 27, 2010},
 journal   = {DFO Can. Tech. Rep. Fish. Aquat. Sci.},
 volume    = {2012/2989},
 pages     = {viii + 99~p}
}

@article{yamanaka2008iphc,
  author       = {K. L. Yamanaka and S. G. Obradovich and K. Cooke and L. C. Lacko and C. Dykstra},
  year         = {2008},
  title        = {Summary of non-halibut catch from the {{S}}tandardized {{S}}tock {{A}}ssessment {{S}}urvey conducted by the {{I}}nternational {{P}}acific {{H}}alibut {{C}}ommission in {{B}}ritish {{C}}olumbia from {{M}}ay 19 to {{J}}uly 22, 2006},
  fulljournal      = {Canadian Technical Report of Fisheries and Aquatic Sciences},
  journal      = {Can. Tech. Rep. Fish. Aquat. Sci.},
  volume       = {2796},
  pages        = {vii + 58~p}
}

@incollection{henry2013iphc,
  author       = {E. Henry and E. Soderlund and C. L. Dykstra and T. O. Geernaert and A. M. Ranta},
  year         = {2013},
  title        = {2012 standardized stock assessment survey},
  booktitle      = {{Int. Pac. Halibut Comm. Report of Assessment and Research Activities 2012}},
  editor       = {},
  pages        = {503-538}
}

@incollection{dykstra2002iphc,
  author       = {C. L. Dykstra and K. L. van Wormer and A. M. Ranta},
  year         = {2002},
  title        = {2001 standardized stock assessment survey},
  booktitle      = {{Int. Pac. Halibut Comm. Report of Assessment and Research Activities 2001}},
  editor       = {},
  pages        = {335-353}
}

@incollection{dykstra2002iphc,
  author       = {C. L. Dykstra and K. L. van Wormer and A. M. Ranta},
  year         = {2003},
  title        = {2002 standardized stock assessment survey},
  booktitle      = {{Int. Pac. Halibut Comm. Report of Assessment and Research Activities 2002}},
  editor       = {},
  pages        = {347-364}
}

@incollection{clark2008iphc,
  author       = {W. G. Clark},
  year         = {2008},
  title        = {Effect of hook competition on survey {CPUE}},
  booktitle      = {{Int. Pac. Halibut Comm. Report of Assessment and Research Activities 2007}},
  editor       = {},
  pages        = {211-215}
}

@incollection{webster2011iphc,
  author       = {R. A. Webster and S. R. Hare and  J. L. Valero  and B. M. Leaman},
  year         = {2011},
  title        = {Notes on the {IPHC} setline survey design, alternatives for estimating biomass distribution, and the hook competition adjustment},
  booktitle      = {{Int. Pac. Halibut Comm. Report of Assessment and Research Activities 2010}},
  editor       = {},
  pages        = {229-240}
}


@article{choromanski2004hsmsa,
 author       = {Choromanski, E. M. and Fargo, J. and Workman, G. D. and Mathias, K.},
 year         = {2004},
 title        = {Multispecies trawl survey of {Hecate Strait}, {\emph{F/V Viking Storm}}, {June} 10 -- 28, 2002},
 journal   = {DFO Can. Data Rep. Fish. Aquat. Sci.},
 volume    = {2004/1124},
 pages     = {81~p}
}


@article{dfo2018ifmp,
 author       = {{DFO}},
 year         = {2018},
 title        = {{Pacific Region Integrated Fisheries Management Plan}, groundfish, effective {February} 21, 2018},
 pages     = {320~p}
}

@article{sinclair2003syn,
 author       = {Sinclair, A. and Schnute, J. and Haigh, R. and Starr, P. and Stanley, R. and Fargo, J. and Workman, G.},
 year         = {2003},
 title        = {Feasibility of multispecies groundfish trawl surveys on the {BC} coast},
 journal   = {DFO Can. Sci. Adv. Sec. Res. Doc.},
 volume    = {2003/049},
 pages     = {i + 34~p}
}

@article{databases2019,
 author       = {{DFO, Pacific Region Groundfish Data Unit}},
 year         = {2019},
 title        = {{Pacific Region commercial and research databases (GFCatch, PacHarvest, PacHarvHL, PacHarvSable, GFFOS and GFBio) archived on-site at the Pacific Biological Station, Nanaimo, BC). Accessed {February}, 2019}}
}

@article{mssm2022obis,
 author       = {Flemming, R.},
 year         = {2022},
 title        = {{Pacific Multispecies Small Mesh Bottom Trawl Survey. Version 2.4. Fisheries and Oceans Canada. Sampling event dataset https://doi.org/10.15468/as24m7 accessed via GBIF.org on 2023-11-22.}}
}

@article{rutherfordinprep,
 author       = {Rutherford, D.T., K. Fong, L.L. Barton and H. Nguyen.},
 year         = {In prep},
 title        = {Record of changes to the West Coast Vancouver Island small mesh multi-species survey (aka “shrimp survey”), 1973-2017},
 journal      = {Can. Manuscr. Rep. Fish. Aquat. Sci.},
 volume       = {xxxx/xxx},
 pages        = {xx~p}
}