
@article{thorson2016,
  title = {Model-based inference for estimating shifts in species distribution, area occupied and centre of gravity},
  volume = {7},
  doi = {10.1111/2041-210X.12567},
  language = {en},
  number = {8},
  journal = {Methods Ecol. Evol.},
  author = {Thorson, James T. and Pinsky, Malin L. and Ward, Eric J.},
  year = {2016},
  pages = {990-1002}
}

@article{thorson2015,
  title = {Geostatistical delta-generalized linear mixed models improve precision for estimated abundance indices for {West Coast} groundfishes},
  volume = {72},
  doi = {10.1093/icesjms/fsu243},
  number = {5},
  journal = {ICES J. Mar. Sci.},
  author = {Thorson, James T. and Shelton, Andrew O. and Ward, Eric J. and Skaug, Hans J.},
  year = {2015},
  pages = {1297-1310}
}

@article{shelton2014,
  title = {Spatial semiparametric models improve estimates of species abundance and distribution},
  volume = {71},
  doi = {10.1139/cjfas-2013-0508},
  number = {11},
  journal = {Can. J. Fish. Aquat. Sci.},
  author = {Shelton, Andrew Olaf and Thorson, James T. and Ward, Eric J. and Feist, Blake E.},
  year = {2014},
  pages = {1655--1666}
}

@article{ward2015,
  title = {Using spatiotemporal species distribution models to identify temporally evolving hotspots of species co-occurrence},
  volume = {25},
  doi = {10.1890/15-0051.1},
  number = {8},
  journal = {Ecol. Appl.},
  author = {Ward, Eric J. and Jannot, Jason E. and Lee, Yong-Woo and Ono, Kotaro and Shelton, Andrew O. and Thorson, James T.},
  year = {2015},
  pages = {2198-2209}
}

@article{maunder2004,
  series = {Models in Fisheries Research: GLMs, GAMS and GLMMs},
  title = {Standardizing catch and effort data: a review of recent approaches},
  volume = {70},
  doi = {10.1016/j.fishres.2004.08.002},
  number = {2},
  journal = {Fisheries Research},
  author = {Maunder, Mark N. and Punt, Andr{\'e} E.},
  year = {2004},
  pages = {141-159}
}

@article{shelton2018,
  title = {Spatio-temporal models reveal subtle changes to demersal communities following the {Exxon Valdez} oil spill},
  volume = {75},
  doi = {10.1093/icesjms/fsx079},
  number = {1},
  journal = {ICES J. Mar. Sci.},
  author = {Shelton, Andrew O. and Hunsicker, Mary E. and Ward, Eric J. and Feist, Blake E. and Blake, Rachael and Ward, Colette L. and Williams, Benjamin C. and Duffy-Anderson, Janet T. and Hollowed, Anne B. and Haynie, Alan C.},
  year = {2018},
  pages = {287--297}
}


@article{rue2009,
  title = {Approximate {Bayesian Inference} for {Latent Gaussian} models using {Integrated Nested Laplace Approximations} (with discussion)},
  volume = {71},
  journal = {J. R. Stat. Soc. Series B},
  author = {Rue, H{\aa}vard and Martino, Sara and Chopin, Nicholas},
  year = {2009},
  pages = {319-392}
}

@article{kristensen2016,
  title = {{TMB}: automatic differentiation and {Laplace} approximation},
  author = {Kasper Kristensen and Anders Nielsen and Casper W. Berg and Hans Skaug and Bradley M. Bell},
  journal = {J. Stat. Softw.},
  year = {2016},
  volume = {70},
  number = {5},
  pages = {1--21},
  doi = {10.18637/jss.v070.i05},
}

@book{hart1988,
  title = {Pacific Fishes of {Canada}},
  publisher = {{Fisheries Research Board of Canada}},
  author = {Hart, John Lawson and Clemens, W. A and {Fisheries Research Board of Canada}},
  year = {1988}
}


@article{harley2001,
  title = {Is catch-per-unit-effort proportional to abundance?},
  volume = {58},
  number = {9},
  journal = {Can. J. Fish. Aquat. Sci.},
  author = {Harley, S. J. and Myers, Ransom A. and Dunn, A.},
  year = {2001},
  doi = {10.1139/f01-112},
  pages = {1760-1772}
}

@article{macdougall2016,
  journal = {DFO Can. Sci. Advis. Sec. Proceed. Ser.},
  title = {Proceedings of the {Pacific Regional Peer Review} on a review of
           international best practices to assigning species to tiers for the
           purposes of stock assessment based on data availability and
           richness; {May} 30--31},
  number = {2016/051},
  author = {Fisheries and Oceans Canada},
  year = {2016},
}

@Misc{rstan2018,
    title = {{RStan}: the {R} interface to {Stan}},
    author = {{Stan Development Team}},
    note = {R package version 2.17.3},
    year = {2018},
  }

@article{vonbertalanffy1938,
  title={A quantitative theory of organic growth (inquiries on growth laws {II})},
  author={Von Bertalanffy, Ludwig},
  journal={Hum. Biol.},
  volume={10},
  number={2},
  pages={181--213},
  year={1938},
}


@book{venables2002,
  edition = {4\textsuperscript{th}},
  title = {Modern Applied Statistics with {S}},
  publisher = {Springer},
  author = {Venables, W. N. and Ripley, B. D.},
  year = {2002},
}

@Article{lindgren2015,
  title = {Bayesian Spatial Modelling with {R}-{INLA}},
  author = {Finn Lindgren and H{\aa}vard Rue},
  journal = {J. Stat. Softw.},
  year = {2015},
  volume = {63},
  number = {19},
  pages = {1--25},
}


@article{lindgren2011,
  title = {An Explicit Link between {{Gaussian}} Fields and {{Gaussian Markov}} Random Fields: The Stochastic Partial Differential Equation Approach},
  volume = {73},
  copyright = {\textcopyright{} 2011 Royal Statistical Society},
  doi = {10.1111/j.1467-9868.2011.00777.x},
  language = {en},
  number = {4},
  journal = {Journal of the Royal Statistical Society: Series B (Statistical Methodology)},
  author = {Lindgren, Finn and Rue, H\aa{}vard and Lindstr\"om, Johan},
  year = {2011},
  keywords = {_tablet},
  pages = {423-498}
}


@book{cressie2011,
  address = {Hoboken, N.J},
  series = {Wiley series in probability and statistics},
  title = {Statistics for Spatio-Temporal Data},
  isbn = {978-0-471-69274-4},
  lccn = {QA278.2 .C754 2011},
  publisher = {{Wiley}},
  author = {Cressie, Noel A. C. and Wikle, Christopher K.},
  year = {2011}
}


@incollection{rasmussen2004,
  title={Gaussian processes in machine learning},
  author={Rasmussen, Carl Edward},
  booktitle={Advanced lectures on machine learning},
  pages={63--71},
  year={2004},
  publisher={Springer}
}

@article{ono2016,
  title = {Space-Time Investigation of the Effects of Fishing on Fish Populations},
  volume = {26},
  doi = {10.1890/14-1874.1},
  number = {2},
  journal = {Ecol. Appl.},
  author = {Ono, Kotaro and Shelton, Andrew O. and Ward, Eric J. and Thorson, James T. and Feist, Blake E. and Hilborn, Ray},
  year = {2016},
  pages = {392-406}
}

@Manual{r2018,
 title = {R: A Language and Environment for Statistical Computing},
 author = {{R Core Team}},
 organization = {R Foundation for Statistical Computing},
 address = {Vienna, Austria},
 year = {2018},
}


@article{monnahan2018,
  title = {The Effect of Hook Spacing on Longline Catch Rates: {{Implications}} for Catch Rate Standardization},
  volume = {198},
  doi = {10.1016/j.fishres.2017.10.004},
  journal = {Fisheries Research},
  author = {Monnahan, Cole C. and Stewart, Ian J.},
  year = {2018},
  pages = {150-158}
}

@article{dunn1996,
  title = {Randomized Quantile Residuals},
  volume = {5},
  doi = {10.1080/10618600.1996.10474708},
  number = {3},
  journal = {Journal of Computational and Graphical Statistics},
  author = {Dunn, Peter K. and Smyth, Gordon K.},
  year = {1996},
  pages = {236-244}
}

@article{rutherford1999,
  title = {A brief history of {GFC}atch (1954--1995), the groundfish catch
and effort database at the {Pacific Biological Station}},
  volume = {2299},
  journal = {DFO Can. Tech. Rep. Fish. Aquat. Sci.},
  author = {Rutherford, K. L.},
  year = {1999},
  pages = {66~p}
}

@article{lecomte2013,
  title = {Compound {Poisson}-Gamma vs. delta-Gamma to Handle Zero-Inflated Continuous Data under a Variable Sampling Volume},
  volume = {4},
  doi = {10.1111/2041-210X.12122},
  language = {en},
  number = {12},
  journal = {Methods in Ecology and Evolution},
  author = {Lecomte, Jean-Baptiste and Beno\^it, Hugues P. and Ancelet, Sophie and Etienne, Marie-Pierre and Bel, Liliane and Parent, Eric},
  editor = {O'Hara, Robert B.},
  year = {2013},
  pages = {1159-1166}
}

@article{maunder2004a,
  series = {Models in Fisheries Research: {GLMs, GAMS and GLMMs}},
  title = {Standardizing Catch and Effort Data: A Review of Recent Approaches},
  volume = {70},
  doi = {10.1016/j.fishres.2004.08.002},
  number = {2},
  journal = {Fisheries Research},
  author = {Maunder, Mark N. and Punt, Andr\'e E.},
  year = {2004},
  pages = {141-159}
}

@article{thorson2017,
  title = {Three Problems with the Conventional Delta-Model for Biomass Sampling Data, and a Computationally Efficient Alternative},
  doi = {10.1139/cjfas-2017-0266},
  journal = {Canadian Journal of Fisheries and Aquatic Sciences},
  author = {Thorson, James T},
  year = {2017}
}

@article{foster2013,
  title = {A {{Poisson}}\textendash{{Gamma}} Model for Analysis of Ecological Non-Negative Continuous Data},
  volume = {20},
  doi = {10.1007/s10651-012-0233-0},
  language = {en},
  number = {4},
  journal = {Environmental and Ecological Statistics},
  author = {Foster, Scott D. and Bravington, Mark V.},
  year = {2013},
  pages = {533-552}
}

@article{shono2008,
  title = {Application of the {{Tweedie}} Distribution to Zero-Catch Data in {{CPUE}} Analysis},
  volume = {93},
  doi = {10.1016/j.fishres.2008.03.006},
  number = {1},
  journal = {Fisheries Research},
  author = {Shono, Hiroshi},
  year = {2008},
  pages = {154-162}
}

@article{smolarova,
  title = {Tweedie Models for Pricing and Reserving},
  language = {en},
  author = {Smol\'arov\'a, Tereza},
  pages = {59}
}

@article{quijanoxacur2015,
  title = {Generalised Linear Models for Aggregate Claims: To {{Tweedie}} or Not?},
  volume = {5},
  doi = {10.1007/s13385-015-0108-5},
  language = {en},
  number = {1},
  journal = {European Actuarial Journal},
  author = {Quijano Xacur, Oscar Alberto and Garrido, Jos\'e},
  year = {2015},
  pages = {181-202}
}

@article{arcuti2013,
  title = {Spatio-Temporal Modelling of Zero-Inflated Deep-Sea Shrimp Data by {{Tweedie}} Generalized Additive},
  volume = {73},
  copyright = {Copyright (c)},
  doi = {10.6092/issn.1973-2201/3987},
  language = {en},
  number = {1},
  journal = {Statistica},
  author = {Arcuti, Simona and Calculli, Crescenza and Pollice, Alessio and D'Onghia, Gianfranco and Maiorano, Porzia and Tursi, Angelo},
  year = {2013},
  pages = {87-101}
}

@article{dunn2009,
  title = {Improving Comparisons between Models for {{CPUE}}},
  volume = {97},
  doi = {10.1016/j.fishres.2008.12.017},
  number = {1},
  journal = {Fisheries Research},
  author = {Dunn, Peter K.},
  year = {2009},
  pages = {148-149}
}

@article{li2015a,
  title = {Model Selection between Traditional and Popular Methods for Standardizing Catch Rates of Target Species: {{A}} Case Study of {{Japanese Spanish}} Mackerel in the Gillnet Fishery},
  volume = {161},
  doi = {10.1016/j.fishres.2014.08.021},
  journal = {Fisheries Research},
  author = {Li, Zengguang and Ye, Zhenjiang and Wan, Rong and Zhang, Chi},
  year = {2015},
  pages = {312-319}
}

@article{candy2004,
  title = {Modelling Catch and Effort Data Using Generalised Linear Models,
           the {Tweedie} Distribution, Random Vessel Effects and Random
           Stratum-by-Year Effects},
  volume = {11},
  language = {en},
  journal = {CCAMLR Science},
  author = {Candy, S G},
  year = {2004},
  pages = {59-80}
}

@article{brooks2017,
    author = {Mollie E. Brooks and Kasper Kristensen and Koen J. {van Benthem} and Arni Magnusson and Casper W. Berg and Anders Nielsen and Hans J. Skaug and Martin Maechler and Benjamin M. Bolker},
    title = {{glmmTMB} Balances Speed and Flexibility Among Packages for Zero-inflated Generalized Linear Mixed Modeling},
    year = {2017},
    journal = {The R Journal},
    url = {https://journal.r-project.org/archive/2017/RJ-2017-066/index.html},
    pages = {378--400},
    volume = {9},
    number = {2},
}

@article{jorgensen1987,
  title = {Exponential Dispersion Models},
  volume = {49},
  number = {2},
  journal = {Journal of the Royal Statistical Society. Series B (Methodological)},
  author = {Jorgensen, Bent},
  year = {1987},
  pages = {127-162}
}

@article{thorson2013,
  title = {Accounting for space--time interactions in index standardization models},
  volume = {147},
  number = {0},
  journal = {Fisheries Research},
  author = {Thorson, James T. and Ward, Eric J.},
  year = {2013},
  keywords = {bayesian,bibdesk,spatiotemporal},
  pages = {426-433},
  bdsk-url-2 = {http://dx.doi.org/10.1016/j.fishres.2013.03.012}
}

@book{crawley2002,
   author    = {M. J. Crawley},
   title     = {{Statistical Computing: An Introduction to Data Analysis using S-Plus}},
   year      = {2002},
   publisher = {John Wiley \& Sons Ltd.},
   address   = {Chichester, UK},
   pages     = {761}
}

@article{latimer2009,
  title = {Hierarchical models facilitate spatial analysis of large data sets: a case study on invasive plant species in the northeastern {United States}},
  volume = {12},
  doi = {10.1111/j.1461-0248.2008.01270.x},
  number = {2},
  journal = {Ecology Letters},
  author = {Latimer, A. M. and Banerjee, S. and Sang Jr, H. and Mosher, E. S. and Silander Jr, J. A.},
  year = {2009},
  pages = {144-154}
}

@article{anderson2018,
  title = {Black Swans in Space: Modelling Spatiotemporal Processes with Extremes},
  doi = {10.1002/ecy.2403},
  journal = {Ecology},
  author = {Anderson, Sean C. and Ward, Eric J.},
  year = {2019},
  number = {43},
  volume = {114},
  pages = {E8955--E8956},
}

@article{thorson2017b,
  title = {Comparing Estimates of Abundance Trends and Distribution Shifts Using Single- and Multispecies Models of Fishes and Biogenic Habitat},
  volume = {74},
  doi = {10.1093/icesjms/fsw193},
  number = {5},
  journal = {ICES Journal of Marine Science},
  author = {Thorson, James T. and Barnett, Lewis A. K.},
  year = {2017},
  pages = {1311--1321}
}

@Manual{viridis2018,
    title = {viridis: Default Color Maps from 'matplotlib'},
    author = {Simon Garnier},
    year = {2018},
    note = {R package version 0.5.1},
    url = {https://CRAN.R-project.org/package=viridis},
  }

@article{stewart2018halibut,
  author = {I. Stewart and A. Hicks},
  title = {{Assessment of the Pacific halibut (\emph{Hippoglossus stenolepis}) stock at the end of 2017}},
  volume  = {IPHC-2018-AM094-10},
  pages   = {25~p},
  year =   {2018}
}

@article{efron1987,
  title={Better bootstrap confidence intervals},
  author={Efron, Bradley},
  journal={Journal of the American statistical Association},
  volume={82},
  number={397},
  pages={171--185},
  year={1987},
}

@Manual{rvest2016,
   title = {{rvest}: Easily Harvest (Scrape) Web Pages},
   author = {Hadley Wickham},
   year = {2016},
   note = {R package version 0.3.2},
   url = {https://CRAN.R-project.org/package=rvest},
 }

@Article{chamerberlain2013,
   title = {taxize --- taxonomic search and retrieval in {R}},
   journal = {F1000Research},
   author = {Scott Chamberlain and Eduard Szocs},
   year = {2013},
   url = {http://f1000research.com/articles/2-191/v2},
 }


@Manual{gridExtra,
  title = {{gridExtra}: Miscellaneous Functions for 'Grid' Graphics},
  author = {Baptiste Auguie},
  year = {2017},
  note = {R package version 2.3},
  url = {https://CRAN.R-project.org/package=gridExtra},
}

@Manual{egg,
  title = {egg: Extensions for 'ggplot2': Custom Geom, Plot Alignment,
mmetrised Scale, and Fixed Panel Size},
  author = {Baptiste Auguie},
  year = {2018},
  note = {R package version 0.4.0},
  url = {https://CRAN.R-project.org/package=egg},
}

@Manual{dplyr,
  title = {{dplyr}: A Grammar of Data Manipulation},
  author = {Hadley Wickham and Romain François and Lionel Henry and Kirill Müller},
  year = {2018},
  note = {R package version 0.7.7},
  url = {https://CRAN.R-project.org/package=dplyr},
}

@Book{ggplot2,
  author = {Hadley Wickham},
  title = {{ggplot2}: Elegant Graphics for Data Analysis},
  publisher = {Springer-Verlag New York},
  year = {2016},
  isbn = {978-3-319-24277-4},
  url = {http://ggplot2.org},
}

@Book{bookdown,
  title = {bookdown: Authoring Books and Technical Documents with {R} Markdown},
  author = {Yihui Xie},
  publisher = {Chapman and Hall/CRC},
  address = {Boca Raton, Florida},
  year = {2016},
  note = {ISBN 978-1138700109},
  url = {https://github.com/rstudio/bookdown},
}


@article{petitgas2001,
  title = {Geostatistics in Fisheries Survey Design and Stock Assessment: Models, Variances and Applications},
  volume = {2},
  doi = {10.1046/j.1467-2960.2001.00047.x},
  number = {3},
  journal = {Fish and Fisheries},
  author = {Petitgas, Pierre},
  year = {2001},
  pages = {231-249}
}

@article{webster2017,
  author = {R. Webster},
  title = {{Space-time modelling of fishery-independent setline survey data}},
  volume  = {IPHC-2018-AM094-07},
  pages   = {27~p},
  year =   {2017}
}

@Book{knitr,
  title = {Dynamic Documents with {R} and knitr},
  author = {Yihui Xie},
  publisher = {Chapman and Hall/CRC},
  address = {Boca Raton, Florida},
  year = {2015},
  edition = {2nd},
  note = {ISBN 978-1498716963},
  url = {https://yihui.name/knitr/},
}


@article{anderson2017c,
  title = {Black-Swan Events in Animal Populations},
  volume = {114},
  doi = {10.1073/pnas.1611525114},
  language = {en},
  number = {12},
  journal = {Proceedings of the National Academy of Sciences},
  author = {Anderson, Sean C. and Branch, Trevor A. and Cooper, Andrew B. and Dulvy, Nicholas K.},
  year = {2017},
  keywords = {die-offs,ecological risk,ecological surprises,mass mortality,population dynamics},
  pages = {3252-3257}
}


@article{lindenmayer2010,
  title = {The Science and Application of Ecological Monitoring},
  volume = {143},
  doi = {10.1016/j.biocon.2010.02.013},
  number = {6},
  journal = {Biological Conservation},
  author = {Lindenmayer, David B. and Likens, Gene E.},
  year = {2010},
  pages = {1317-1328}
}

@article{hilborn1987,
  title = {Living with Uncertainty in Resource Management},
  volume = {7},
  copyright = {\textcopyright{} 1987 American Fisheries Society},
  doi = {10.1577/1548-8659(1987)7<1:LWUIRM>2.0.CO;2},
  language = {en},
  number = {1},
  journal = {North American Journal of Fisheries Management},
  author = {Hilborn, Ray},
  year = {1987},
  pages = {1-5}
}

@article{doak2008,
  title = {Understanding and predicting ecological dynamics: are major surprises inevitable?},
  volume = {89},
  doi = {10.1890/07-0965.1},
  number = {4},
  journal = {Ecology},
  author = {Doak, Daniel F. and Estes, James A. and Halpern, Benjamin S. and Jacob, Ute and Lindberg, David R. and Lovvorn, James and Monson, Daniel H. and Tinker, M. Timothy and Williams, Terrie M. and Wootton, J. Timothy and Carroll, Ian and Emmerson, Mark and Micheli, Fiorenza and Novak, Mark},
  year = {2008},
  keywords = {_tablet,bibdesk,black-swans,great-papers,risk,uncertainty-risk},
  pages = {952-961}
}

@article{lindenmayer2010,
  title = {Improved probability of detection of ecological "surprises"},
  volume = {107},
  doi = {10.1073/pnas.1015696107},
  number = {51},
  journal = {Proceedings of the National Academy of Sciences of the United States of America},
  author = {Lindenmayer, D. B. and Likens, G. E. and Krebs, C. J. and Hobbs, R. J.},
  year = {2010},
  keywords = {bibdesk},
  pages = {21957-21962},
  bdsk-url-2 = {http://dx.doi.org/10.1073/pnas.1015696107},
  uri = {papers://1942143A-778F-48A4-8CB0-693C041639FD/Paper/p2370}
}

@article{hughes2017,
  title = {Long-{{Term Studies Contribute Disproportionately}} to {{Ecology}} and {{Policy}}},
  volume = {67},
  doi = {10.1093/biosci/biw185},
  language = {en},
  number = {3},
  journal = {BioScience},
  author = {Hughes, Brent B. and {Beas-Luna}, Rodrigo and Barner, Allison K. and Brewitt, Kimberly and Brumbaugh, Daniel R. and {Cerny-Chipman}, Elizabeth B. and Close, Sarah L. and Coblentz, Kyle E. and {de Nesnera}, Kristin L. and Drobnitch, Sarah T. and Figurski, Jared D. and Focht, Becky and Friedman, Maya and Freiwald, Jan and Heady, Kristen K. and Heady, Walter N. and Hettinger, Annaliese and Johnson, Angela and Karr, Kendra A. and Mahoney, Brenna and Moritsch, Monica M. and Osterback, Ann-Marie K. and Reimer, Jessica and Robinson, Jonathan and Rohrer, Tully and Rose, Jeremy M. and Sabal, Megan and Segui, Leah M. and Shen, Chenchen and Sullivan, Jenna and Zuercher, Rachel and Raimondi, Peter T. and Menge, Bruce A. and {Grorud-Colvert}, Kirsten and Novak, Mark and Carr, Mark H.},
  year = {2017},
  pages = {271-281}
}

@article{lindenmayer2009,
  title = {Adaptive Monitoring: A New Paradigm for Long-Term Research and Monitoring},
  volume = {24},
  doi = {10.1016/j.tree.2009.03.005},
  number = {9},
  journal = {Trends Ecol. Evol.},
  author = {Lindenmayer, David B. and Likens, Gene E.},
  year = {2009},
  pages = {482-486}
}

@article{magurran2010,
  series = {Special {{Issue}}: {{Long}}-Term Ecological Research},
  title = {Long-Term Datasets in Biodiversity Research and Monitoring: Assessing Change in Ecological Communities through Time},
  volume = {25},
  doi = {10.1016/j.tree.2010.06.016},
  number = {10},
  journal = {Trends Ecol. Evol.},
  author = {Magurran, Anne E. and Baillie, Stephen R. and Buckland, Stephen T. and Dick, Jan McP. and Elston, David A. and Scott, E. Marian and Smith, Rognvald I. and Somerfield, Paul J. and Watt, Allan D.},
  year = {2010},
  pages = {574-582}
}

@article{lindenmayer2012,
  title = {Value of Long-Term Ecological Studies},
  volume = {37},
  copyright = {\textcopyright{} 2012 The Authors. Austral Ecology \textcopyright{} 2012 Ecological Society of Australia},
  doi = {10.1111/j.1442-9993.2011.02351.x},
  language = {en},
  number = {7},
  journal = {Austral Ecology},
  author = {Lindenmayer, David B. and Likens, Gene E. and Andersen, Alan and Bowman, David and Bull, C. Michael and Burns, Emma and Dickman, Chris R. and Hoffmann, Ary A. and Keith, David A. and Liddell, Michael J. and Lowe, Andrew J. and Metcalfe, Daniel J. and Phinn, Stuart R. and Russell-Smith, Jeremy and Thurgate, Nikki and Wardle, Glenda M.},
  year = {2012},
  pages = {745-757}
}

@article{hampton2013,
  title = {Big Data and the Future of Ecology},
  volume = {11},
  copyright = {\textcopyright{} The Ecological Society of America},
  doi = {10.1890/120103},
  language = {en},
  number = {3},
  journal = {Frontiers in Ecology and the Environment},
  author = {Hampton, Stephanie E. and Strasser, Carly A. and Tewksbury, Joshua J. and Gram, Wendy K. and Budden, Amber E. and Batcheller, Archer L. and Duke, Clifford S. and Porter, John H.},
  year = {2013},
  pages = {156-162}
}

@article{mcdonald-madden2010,
  series = {Special {{Issue}}: {{Long}}-Term Ecological Research},
  title = {Monitoring Does Not Always Count},
  volume = {25},
  doi = {10.1016/j.tree.2010.07.002},
  number = {10},
  journal = {Trends Ecol. Evol.},
  author = {{McDonald-Madden}, Eve and Baxter, Peter W. J. and Fuller, Richard A. and Martin, Tara G. and Game, Edward T. and Montambault, Jensen and Possingham, Hugh P.},
  year = {2010},
  pages = {547-550}
}

@article{michener2012,
  series = {Ecological and Evolutionary Informatics},
  title = {Ecoinformatics: Supporting Ecology as a Data-Intensive Science},
  volume = {27},
  doi = {10.1016/j.tree.2011.11.016},
  number = {2},
  journal = {Trends in Ecology and Evolution},
  author = {Michener, William K. and Jones, Matthew B.},
  year = {2012},
  pages = {85-93}
}

@article{fox2011,
  title = {Changing the Equation on Scientific Data Visualization},
  volume = {331},
  doi = {10.1126/science.1197654},
  language = {eng},
  number = {6018},
  journal = {Science},
  author = {Fox, Peter and Hendler, James},
  year = {2011},
  pages = {705-708}
}

@article{wintle2010,
  title = {Allocating monitoring effort in the face of unknown unknowns},
  volume = {13},
  doi = {10.1111/j.1461-0248.2010.01514.x},
  number = {11},
  journal = {Ecology Letters},
  author = {Wintle, Brendan A. and Runge, Michael C. and Bekessy, Sarah A.},
  year = {2010},
  pages = {1325-1337}
}

@article{possingham2012,
  title = {The Conservation Return on Investment from Ecological Monitoring},
  journal = {Biodiversity monitoring in Australia},
  author = {Possingham, Hugh P and Wintle, Brendan A and Fuller, Richard A and Joseph, Liana N},
  year = {2012},
  pages = {49-58},
  note = {https://books.google.ca/books?hl=en\&lr=\&id=w7N5TwY94dQC\&oi=fnd\&pg=PA49\&dq=possingham+ecological+monitoring+serendipity,+engagement,+awareness\&ots=UxRpfC1pnV\&sig=3nNvc6p6M7gjhiQX4t1FideQ4AI\#v=onepage\&q\&f=false}
}

@book{likens2018,
  title = {Effective Ecological Monitoring},
  publisher = {{CSIRO publishing}},
  author = {Likens, Gene and Lindenmayer, David},
  year = {2018}
}

@article{haigh2011,
  author  = {Haigh, R. and Yamanaka, K. L.},
  year    = {2011},
  title   = {Catch history reconstruction for rockfish {\emph{Sebastes}} spp. caught in {British Columbia} coastal waters},
  journal = {Can. Tech. Rep. Fish. Aquat. Sci.},
  volume  = {2943},
  pages   = {viii + 124~p}
}

@book{xie2017,
  title={Dynamic Documents with {R} and knitr},
  author={Xie, Yihui},
  year={2017},
  publisher={Chapman and Hall/CRC},
  address = {Boca Raton, FL},
}


@techreport{forrest2019pcod,
  author  = {Forrest, R. E. and Anderson, S. C. and Grandin, C. J. and Starr, P. J.},
  year    = {2019},
  title   = {Assessment of {Pacific Cod} ({\emph{Gadus macrocephalus}}) for {Hecate Strait} and {Queen Charlotte Sound} ({Area 5ABCD}), and {West Coast Vancouver Island} ({Area 3CD}) in 2018},
  type = {DFO Can. Sci. Advis. Sec. Res. Doc.},
  number  = {2019/In press},
}

@techreport{ricard2013,
  type = {Canadian {{Technical Report}} of {{Fisheries}} and {{Aquatic Sciences}} 3012},
  title = {Population Status (Abundance/Biomass, Geographic Extent, Body Size and Condition), Important Habitat, Depth, Temperature and Salinity Preferences of Marine Fish and Invertebrates on the {{Scotian Shell}} and the {{Bay}} of {{Fundy}} (1970--2012)},
  number = {3012},
  author = {Ricard, Daniel and Shackell, N. L.},
  year = {2013},
  url = {http://publications.gc.ca/collections/collection_2014/mpo-dfo/Fs97-6-3012.pdf},
  urldate = {2019-05-30},
}


@article{loarie2009,
  title = {The velocity of climate change},
  volume = {462},
  number = {7276},
  journal = {Nature},
  doi = {10.1038/nature08649},
  author = {Loarie, Scott R. and Duffy, Philip B. and Hamilton, Healy and Asner, Gregory P. and Field, Christopher B. and Ackerly, David D.},
  year = {2009},
  pages = {1052-1055}
}

@article{thorson2016,
  title = {Model-Based Inference for Estimating Shifts in Species Distribution, Area Occupied and Centre of Gravity},
  volume = {7},
  number = {8},
  journal = {Methods Ecol. Evol.},
  doi = {10.1111/2041-210X.12567},
  author = {Thorson, James T. and Pinsky, Malin L. and Ward, Eric J.},
  year = {2016},
  pages = {990-1002}
}



@article{michener2012,
  series = {Ecological and Evolutionary Informatics},
  title = {Ecoinformatics: Supporting Ecology as a Data-Intensive Science},
  volume = {27},
  number = {2},
  journal = {Trends Ecol. Evol.},
  doi = {10.1016/j.tree.2011.11.016},
  author = {Michener, William K. and Jones, Matthew B.},
  year = {2012},
  pages = {85-93}
}


@misc{froese2010fishbase,
  title={FishBase},
  author={Froese, Rainer and Pauly, Daniel and others},
  year={2010},
  publisher={Fisheries Centre, University of British Columbia},
  url = {https://www.fishbase.org/},
  urldate = {2019-05-30},
}


@misc{iucn2019,
  title={The {IUCN} {Red List} of Threatened Species},
  author={IUCN},
  year={2019},
  url = {https://www.iucnredlist.org},
  urldate = {2019-05-30},
}

@Manual{r2019,
    title = {R: A Language and Environment for Statistical Computing},
    author = {{R Core Team}},
    organization = {R Foundation for Statistical Computing},
    address = {Vienna, Austria},
    year = {2019},
    url = {https://www.R-project.org/},
    urldate = {2019-05-30},
  }

@misc{canada2018,
  title={{Canada's 2018--2020 National Action Plan on Open Government}},
  author={{Government of Canada}},
  year={2018},
  url = {https://open.canada.ca/en/content/canadas-2018-2020-national-action-plan-open-government},
  urldate = {2019-05-30},
}

@misc{obama2013,
  title={{Executive Order}---Making Open and Machine Readable the New Default for Government Information},
  author={Obama, Barack H.},
  year={2013},
  url = {https://obamawhitehouse.archives.gov/the-press-office/2013/05/09/executive-order-making-open-and-machine-readable-new-default-government-},
  urldate = {2019-05-30},
}

@misc{dfo2017,
  title={{Groundfish, Pacific Region 2017 Integrated Fisheries Management Plan summary}},
  author={{DFO}},
  year={2017},
  url = {https://www.pac.dfo-mpo.gc.ca/fm-gp/mplans/ground-fond-ifmp-pgip-sm-eng.html},
  urldate = {2019-05-30},
}

@article{stanley2015,
  title = {Design and Implementation of Electronic Monitoring in the {{British Columbia}} Groundfish Hook and Line Fishery: A Retrospective View of the Ingredients of Success},
  volume = {72},
  number = {4},
  journal = {ICES Journal of Marine Science},
  doi = {10.1093/icesjms/fsu212},
  author = {Stanley, R. D. and Karim, T. and Koolman, J. and McElderry, H.},
  year = {2015},
  pages = {1230-1236}
}

@misc{obis2019,
  title={Ocean biogeographic information system},
  author={OBIS},
  year={2019},
  publisher={Intergovernmental Oceanographic Commission of {UNESCO}},
  url = {https://www.obis.org},
  urldate = {2019-05-30},
}


@article{wickham2015,
  title = {Visualizing Statistical Models: {{Removing}} the Blindfold},
  volume = {8},
  language = {en},
  number = {4},
  journal = {Statistical Analysis and Data Mining: The ASA Data Science Journal},
  doi = {10.1002/sam.11271},
  author = {Wickham, Hadley and Cook, Dianne and Hofmann, Heike},
  year = {2015},
  pages = {203-225}
}

@incollection{fekete2008,
  address = {Berlin, Heidelberg},
  title = {The {{Value}} of {{Information Visualization}}},
  volume = {4950},
  isbn = {978-3-540-70955-8 978-3-540-70956-5},
  language = {en},
  booktitle = {Information {{Visualization}}},
  publisher = {{Springer Berlin Heidelberg}},
  author = {Fekete, Jean-Daniel and {van Wijk}, Jarke J. and Stasko, John T. and North, Chris},
  editor = {Hutchison, David and Kanade, Takeo and Kittler, Josef and Kleinberg, Jon M. and Mattern, Friedemann and Mitchell, John C. and Naor, Moni and Nierstrasz, Oscar and Pandu Rangan, C. and Steffen, Bernhard and Sudan, Madhu and Terzopoulos, Demetri and Tygar, Doug and Vardi, Moshe Y. and Weikum, Gerhard and Kerren, Andreas and Stasko, John T. and Fekete, Jean-Daniel and North, Chris},
  year = {2008},
  pages = {1-18},
  doi = {10.1007/978-3-540-70956-5_1}
}


@Book{wickham2016,
    author = {Hadley Wickham},
    title = {{ggplot2}: Elegant Graphics for Data Analysis},
    publisher = {Springer-Verlag New York},
    year = {2016},
    isbn = {978-3-319-24277-4},
    url = {https://ggplot2.tidyverse.org},
    urldate = {2019-05-30},
  }

@article{edwards2012yellowmouth,
  author  = {Edwards, A M and Haigh, R. and Starr, P. J.},
  year    = {2012},
  title   = {Stock assessment and recovery potential assessment for {Yellowmouth Rockfish} ({\emph{Sebastes reedi}}) along the {Pacific coast of Canada}},
  journal = {DFO Can. Sci. Advis. Sec. Res. Doc.},
  volume  = {2012/095},
}

@techreport{berger2019hake,
  author = {A. M. Berger and A.M. Edwards and C. J. Grandin and K. F. Johnson},
  title = {Status of the {Pacific Hake} (whiting) stock in {U.S. and Canadian}
                  waters in 2019.},
  url = {https://www.westcoast.fisheries.noaa.gov/publications/fishery_management/groundfish/whiting/hake-assessment-2019-final.pdf},
  type = {Prepared by the Joint Technical Committee of
                  the U.S. and Canada Pacific Hake/Whiting Agreement, National
                  Marine Fishery Service and Fisheries and Oceans
                  Canada. 249~p.},
  urldate = {2019-07-04},
  year =   {2019}
}

@techreport{anderson2019synopsis,
  author  = {S.C. Anderson and E.A. Keppel and A.M Edwards},
  year    = {2019},
  title   = {A reproducible data synopsis for over 100 species of {British Columbia} groundfish},
  type = {DFO Canadian Science Advisory Secretariat Research Document},
  number  = {2019/041. \url{http://www.dfo-mpo.gc.ca/csas-sccs/Publications/ResDocs-DocRech/2019/2019_041-eng.html}},
  url = {http://www.dfo-mpo.gc.ca/csas-sccs/Publications/ResDocs-DocRech/2019/2019_041-eng.html}
}

@techreport{dfo2019synopsis,
  author  = {{DFO}},
  year    = {2019},
  title   = {Proceedings of the {Pacific} regional peer review of a reproducible data synopsis for
over 100 species of {British Columbia} groundfish; {November} 22--23},
  type = {DFO Canadian Science Advisory Secretariat Proceedings Series 2019/011},
  number  = {2019/011},
}

@book{tufte2001,
  address = {Cheshire, Connecticut, USA},
  edition = {2},
  title = {{The Visual Display of Quantitative Information}},
  publisher = {Graphics Press},
  author = {Tufte, Edward R.},
  year = {2001},
}

@misc{ices2019,
  author = {{ICES}},
  title = {{ICES Stock Assessment Database. Copenhagen, Denmark. \url{http://standardgraphs.ices.dk}. Accessed 2019-12-10.}},
  url = {http://standardgraphs.ices.dk},
  year = {2019},
}

@article{barbeaux2018,
  author = {Barbeaux, S.J.},
  title = {{Visualizations of groundfish distributions from the Alaska Fisheries Science Center bottom trawl surveys}},
  journal = {Pacific States E-Journal of Scientific Visualizations. \url{https://doi.org/10.28966/PSESV.2018.001}},
  doi = {10.28966/PSESV.2018.001},
  url = {http://standardgraphs.ices.dk},
  year = {2018},
}


@article{butterworth1999,
  title = {Experiences in the Evaluation and Implementation of Management Procedures},
  volume = {56},
  number = {6},
  journal = {ICES Journal of Marine Science},
  doi = {10.1006/jmsc.1999.0532},
  author = {Butterworth, D. S. and Punt, A. E.},
  year = {1999},
  pages = {985-998}
}

@article{wickham2014,
  author = {Wickham, Hadley},
  year = {2014},
  month = {09},
  pages = {1--23},
  title = {Tidy data},
  volume = {59},
  number = {10},
  journal = {J. Stat. Softw.},
  doi = {10.18637/jss.v059.i10}
}

